% Encoding: UTF-8


@Book{AhrGevLaw:2005:par,
  Title                    = {ParaView: An End-User Tool for Large Data Visualization, Visualization Handbook},
  Author                   = {Ahrens, J. and Geveci, B. and Law, C.},
  Publisher                = {Elsevier},
  Year                     = {2005},
  Edition                  = {Version 10.1},
  Note                     = {Champaign, Illinois},
  Date-added               = {2016-01-28 08:32:06 +0000},
  Date-modified            = {2016-01-28 08:32:06 +0000},
  Owner                    = {steeger},
  Timestamp                = {2015.11.13}
}

@Book{Ant:1995:npo,
  Title                    = {Nonlinear problems of elasticity},
  Author                   = {Antman, S. S.},
  Publisher                = {Springer},
  Year                     = {1995},
  Date-added               = {2016-01-28 08:32:06 +0000},
  Date-modified            = {2016-01-28 08:32:06 +0000},
  Keywords                 = {book},
  Owner                    = {xxx},
  Timestamp                = {2009.04.22}
}

@Article{Ant:2005:pin,
  Title                    = {Problems in Nonlinear Elasticity},
  Author                   = {Antman, S. S.},
  Journal                  = {Nonlinear Problems of Elasticity},
  Year                     = {2005},
  Pages                    = {513--584},
  Publisher                = {Springer}
}

@Article{Arm:2004:eav,
  Title                    = {Elastoplastic and viscoplastic deformations in solids and structures},
  Author                   = {Armero, F.},
  Journal                  = {Encyclopedia of Computational Mechanics},
  Year                     = {2004},
  Pages                    = {Chapter 7, Wiley and Sons},
  Volume                   = {Vol. 1},
  Date-added               = {2016-01-28 08:32:06 +0000},
  Date-modified            = {2016-01-28 08:32:06 +0000},
  Owner                    = {steeger},
  Timestamp                = {2013.10.10}
}

@Article{ArnAwaWin:08,
  Title                    = {Finite elements for symmetric tensors in three dimensions},
  Author                   = {Arnold, D. N. and Awanou, G. and Winther, R.},
  Journal                  = moc,
  Year                     = {2008},
  Pages                    = {1229--1251},
  Volume                   = {77},
  Date-added               = {2016-01-28 08:32:06 +0000},
  Date-modified            = {2016-01-28 08:32:06 +0000},
  Owner                    = {steeger},
  Timestamp                = {2013.10.10}
}

@Article{ArnBreDou:84,
  Title                    = {{PEERS}: A new mixed finite element for plane elasticity},
  Author                   = {Arnold, D. N. and Brezzi, F. and Douglas, J.},
  Journal                  = {Japan Journal of Applied Mathematics},
  Year                     = {1984},
  Pages                    = {347--367},
  Volume                   = {1},
  Date-added               = {2016-01-28 08:32:06 +0000},
  Date-modified            = {2016-01-28 08:32:06 +0000},
  Owner                    = {steeger},
  Timestamp                = {2013.10.10}
}

@Article{ArnFalWin:07,
  Title                    = {Mixed Finite Element Methods for Linear Elasticity with Weakly Imposed Symmetry},
  Author                   = {Arnold, D. N. and Falk, R. S. and Winther, R.},
  Journal                  = moc,
  Year                     = {2007},
  Pages                    = {1699--1723},
  Volume                   = {76},
  Date-added               = {2016-01-28 08:32:06 +0000},
  Date-modified            = {2016-01-28 08:32:06 +0000},
  Owner                    = {steeger},
  Timestamp                = {2013.10.10}
}

@Article{ArnWin:02,
  Title                    = {Mixed finite elements for elasticity},
  Author                   = {Arnold, D. N. and Winther, R.},
  Journal                  = nm,
  Year                     = {2002},
  Pages                    = {401--419},
  Volume                   = {92},
  Date-added               = {2016-01-28 08:32:06 +0000},
  Date-modified            = {2016-01-28 08:32:06 +0000},
  Owner                    = {steeger},
  Timestamp                = {2013.10.10}
}

@Article{ArnWin:03,
  Title                    = {Nonconforming mixed elements for elasticity},
  Author                   = {Arnold, D. N. and Winther, R.},
  Journal                  = mmias,
  Year                     = {2003},
  Pages                    = {295--307},
  Volume                   = {13},
  Date-added               = {2016-01-28 08:32:06 +0000},
  Date-modified            = {2016-01-28 08:32:06 +0000},
  Owner                    = {steeger},
  Timestamp                = {2013.10.10}
}

@Article{AttCaiSta:09,
  Title                    = {First-Order System Least Squares for the {S}ignorini Contact Problem in Linear Elasticity},
  Author                   = {Attia, F. S. and Cai, Z. and Starke, G.},
  Journal                  = SIAMjona,
  Year                     = {2009},
  Pages                    = {3027--3043},
  Volume                   = {47},
  Date-added               = {2016-01-28 08:32:06 +0000},
  Date-modified            = {2016-01-28 08:32:06 +0000},
  Owner                    = {steeger},
  Timestamp                = {2013.10.10}
}

@Article{AurBeiLovRea:05,
  Title                    = {A Stability Study of Some Mixed Finite Elements for Large Deformation Elasticity Problems},
  Author                   = {Auricchio, F. and {Beir{\~a}o da Veiga}, L. and Lovadina, C. and Reali, A.},
  Journal                  = {Computer Methods in Applied Mechanics and Engineering},
  Year                     = {2005},
  Pages                    = {1075--1092},
  Volume                   = {194},
  Date-added               = {2016-01-28 08:32:06 +0000},
  Date-modified            = {2016-01-28 08:32:06 +0000},
  Owner                    = {steeger},
  Timestamp                = {2013.10.10}
}

@Article{AurBeiLovRea:10,
  Title                    = {The Importance of the Exact Satisfaction of the Incompressibility Constraint in Nonlinear Elasticity: {M}ixed {FEM}s versus {NURBS}-Based Approximations},
  Author                   = {Auricchio, F. and {Beir{\~a}o da Veiga}, L. and Lovadina, C. and Reali, A.},
  Journal                  = {Computer Methods in Applied Mechanics and Engineering},
  Year                     = {2010},
  Pages                    = {314--323},
  Volume                   = {199},
  Date-added               = {2016-01-28 08:32:06 +0000},
  Date-modified            = {2016-01-28 08:32:06 +0000},
  Owner                    = {steeger},
  Timestamp                = {2013.10.10}
}

@Article{AurBeiLovReaTayWri:13,
  Title                    = {Approximation of incompressible large deformation elastic problems: some unresolved issues},
  Author                   = {Auricchio, F. and da Veiga, L.B. and Lovadina, C. and Reali, A. and Taylor, R.L. and Wrigger, P.},
  Journal                  = {Computational Mechanics},
  Year                     = {2013},
  Pages                    = {1153--1167},
  Volume                   = {52},
  Date-added               = {2016-01-28 08:32:06 +0000},
  Date-modified            = {2016-01-28 08:32:06 +0000},
  Owner                    = {steeger},
  Timestamp                = {2013.10.10}
}

@Article{AurDaLov:2010:tio,
  Title                    = {The importance of the exact satisfaction of the incompressibility constraint in nonlinear elasticity: mixed FEMs versus NURBS-based approximations},
  Author                   = {Auricchio, F. and da Veiga, L.B. and Lovadina, C. and Reali, A.},
  Journal                  = {Computer Methods in Applied Mechanics and Engineering},
  Year                     = {2010},
  Number                   = {5},
  Pages                    = {314--323},
  Volume                   = {199},
  Publisher                = {Elsevier}
}

@Article{AurVeiLov:2005:ass,
  Title                    = {A stability study of some mixed finite elements for large deformation elasticity problems},
  Author                   = {Auricchio, F. and da Veiga, L.B. and Lovadina, C. and Reali, A.},
  Journal                  = {Computer Methods in Applied Mechanics and Engineering},
  Year                     = {2005},
  Number                   = {9},
  Pages                    = {1075--1092},
  Volume                   = {194},
  Publisher                = {Elsevier}
}

@Article{Bab:1973:tfe,
  Title                    = {The finite element method with Lagrangian multipliers},
  Author                   = {Babu{\v{s}}ka, I.},
  Journal                  = {Numerische Mathematik},
  Year                     = {1973},
  Number                   = {3},
  Pages                    = {179--192},
  Volume                   = {20},
  Date-added               = {2016-01-28 08:32:06 +0000},
  Date-modified            = {2016-01-28 08:32:06 +0000},
  Owner                    = {steeger},
  Publisher                = {Springer},
  Timestamp                = {2015.12.15}
}

@Article{BabSur:1992:lei,
  Title                    = {Locking effects in the finite element approximation of elasticity problems},
  Author                   = {Babu{\v{s}}ka, I. and Suri, M.},
  Journal                  = {Numerische Mathematik},
  Year                     = {1992},
  Number                   = {1},
  Pages                    = {439--463},
  Volume                   = {62},
  Publisher                = {Springer}
}

@Article{Bal:1977:cca,
  Title                    = {Convexity conditions and existence theorems in non-linear elasticity},
  Author                   = {Ball, J.M.},
  Journal                  = {Archive for rational mechanics and Analysis},
  Year                     = {1977},
  Pages                    = {337--403},
  Volume                   = {63},
  Date-added               = {2016-01-28 08:32:06 +0000},
  Date-modified            = {2016-01-28 08:32:06 +0000},
  Keywords                 = {biomechanics},
  Owner                    = {Wojno},
  Timestamp                = {2009.03.31}
}

@InCollection{Bal:1977:cia,
  Title                    = {Constitutive inequalities and existence theorems in nonlinear elastostatics},
  Author                   = {Ball, J.M.},
  Booktitle                = {Herriot {W}att {S}ymposion: {N}onlinear {A}nalysis and {M}echanics.},
  Publisher                = {Pitman},
  Year                     = {1977},
  Address                  = {London},
  Editor                   = {R.J. Knops},
  Pages                    = {187--238},
  Volume                   = {1},
  Date-added               = {2016-01-28 08:32:06 +0000},
  Date-modified            = {2016-01-28 08:32:06 +0000},
  Keywords                 = {tensor},
  Owner                    = {steeger},
  Timestamp                = {2015.05.04}
}

@InProceedings{Bal:1977:cia,
  Title                    = {Constitutive inequalities and existence theorems in nonlinear elastostatics},
  Author                   = {Ball, J.M.},
  Booktitle                = {Nonlinear Analysis and Mechanics: Heriot-Watt Symposium},
  Year                     = {1977},
  Organization             = {Pitman Publishing Ltd. Boston},
  Pages                    = {187--241},
  Volume                   = {1}
}

@PhdThesis{Bal:2006:pae,
  Title                    = {Polyconvex anisotropic energies and modeling of damage applied to arterial walls},
  Author                   = {Balzani, D.},
  School                   = {University Duisburg-Essen},
  Year                     = {2006},
  Address                  = {Verlag Gl\"uckauf Essen},
  Date-added               = {2016-01-28 08:32:06 +0000},
  Date-modified            = {2016-01-28 08:32:06 +0000},
  Keywords                 = {biomechanics},
  Owner                    = {Wojno},
  Timestamp                = {2009.03.31}
}

@Book{Bal:2006:pae,
  Title                    = {Polyconvex anisotropic energies and modeling of damage applied to arterial walls},
  Author                   = {Balzani, D.},
  Publisher                = {VGE, Verlag Gl{\"u}ckauf Essen},
  Year                     = {2006},
  Series                   = {Phd-Thesis},
  Date-modified            = {2016-01-26 09:42:54 +0000}
}

@Article{BalGruSch:2008:aot,
  Title                    = {Analysis of thin shells using anisotropic polyconvex energy densities},
  Author                   = {Balzani, D. and Gruttmann, F. and Schr\"oder, J.},
  Journal                  = {Computer Methods in Applied Mechanics and Engineering},
  Year                     = {2008},
  Pages                    = {1015--1032},
  Volume                   = {197},
  DOI                      = {doi:10.1016/j.cma.2007.10.005}
}

@Article{BalNefSchHol:2006:apf,
  Title                    = {A Polyconvex Framework for Soft Biological Tissues. Adjustment to Experimental Data},
  Author                   = {Balzani, D. and Neff, P. and Schr{\"o}der, J. and Holzapfel, G.A.},
  Journal                  = ijnme,
  Year                     = {2006},
  Number                   = {20},
  Pages                    = {6052-6070},
  Volume                   = {43},
  Date-added               = {2016-01-28 08:32:06 +0000},
  Date-modified            = {2016-01-28 08:32:06 +0000}
}

@Book{Bat:1995:fep,
  Title                    = {Finite Element Procedures},
  Author                   = {Bathe, K.-J.},
  Publisher                = {Prentice Hall},
  Year                     = {1995},
  Date-added               = {2016-01-28 08:32:06 +0000},
  Date-modified            = {2016-01-28 08:32:06 +0000},
  Keywords                 = {tensor},
  Owner                    = {ebbing},
  Timestamp                = {2011.02.15}
}

@Article{Bat:2001:tis,
  Title                    = {The inf--sup condition and its evaluation for mixed finite element methods},
  Author                   = {Bathe, K.-J.},
  Journal                  = {Computers \& structures},
  Year                     = {2001},
  Number                   = {2},
  Pages                    = {243--252},
  Volume                   = {79},
  Date-added               = {2016-01-28 08:32:06 +0000},
  Date-modified            = {2016-01-28 08:32:06 +0000},
  Owner                    = {steeger},
  Publisher                = {Elsevier},
  Timestamp                = {2015.12.18}
}

@Book{Bat:2006:fep,
  Title                    = {Finite element procedures},
  Author                   = {Bathe, K.-J.},
  Publisher                = {Klaus-Jurgen Bathe},
  Year                     = {2006}
}

@Article{BelBin:1993:ass,
  Title                    = {Assumed strain stabilization of the eight node hexahedral element},
  Author                   = {Belytschko, T. and Bindeman, L. P.},
  Journal                  = {Computer Methods in Applied Mechanics and Engineering},
  Year                     = {1993},
  Pages                    = {225--260},
  Volume                   = {105},
  Date-added               = {2016-01-28 08:32:06 +0000},
  Date-modified            = {2016-01-28 08:32:06 +0000},
  Owner                    = {steeger},
  Timestamp                = {2013.10.10}
}

@Article{BelOngLiu:1984:hci,
  Title                    = {Hourglass control in linear and nonlinear problems},
  Author                   = {Belytschko, T. and Ong, J. S.-J. and Liu, W. K. and Kennedy, J. M.},
  Journal                  = {Computer Methods in Applied Mechanics and Engineering},
  Year                     = {1984},
  Pages                    = {251-276},
  Volume                   = {43},
  Language                 = {USenglish}
}

@Article{BerManMcC:97,
  Title                    = {Local Error Estimates and Adaptive Refinement for First-Order System Least Squares},
  Author                   = {Berndt, M. and Manteuffel, T. A. and McCormick, S. F.},
  Journal                  = etona,
  Year                     = {1997},
  Pages                    = {35--43},
  Volume                   = {6},
  Date-added               = {2016-01-28 08:32:06 +0000},
  Date-modified            = {2016-01-28 08:32:06 +0000},
  Owner                    = {steeger},
  Timestamp                = {2013.10.10}
}

@Article{BerMunSta:2014:fos,
  Title                    = {First-Order System Least Squares on Curved Boundaries},
  Author                   = {Bertrand, F. and M\"{u}nzenmaier, S. and Starke, G.},
  Journal                  = siamjosc,
  Year                     = {2014},
  Pages                    = {880-894},
  Volume                   = {52},
  Date-added               = {2016-01-28 08:32:06 +0000},
  Date-modified            = {2016-01-28 08:32:06 +0000},
  Owner                    = {steeger},
  Timestamp                = {2015.09.11}
}

@Article{BisWalRam:1999:sea,
  Title                    = {Stabilized enhanced assumed strain elements for large strain analysis without artificial kinematic modes},
  Author                   = {Bischoff, M. and Wall, W.A. and Ramm, E.},
  Journal                  = potecocm,
  Year                     = {1999},
  Date-added               = {2016-01-28 08:32:06 +0000},
  Date-modified            = {2016-01-28 08:32:06 +0000},
  Owner                    = {steeger},
  Timestamp                = {2013.10.10}
}

@Book{BocGun:2009:lsf,
  Title                    = {Least-Squares Finite Element Methods},
  Author                   = {Bochev, P. and Gunzburger, M.},
  Publisher                = {Springer},
  Year                     = {2009},
  Address                  = {New York},
  Date-added               = {2016-01-28 08:32:06 +0000},
  Date-modified            = {2016-01-28 08:32:06 +0000}
}

@Article{Boe:1978:ldc,
  Title                    = {Lois de comportement anisotrope des milieux continus},
  Author                   = {Boehler, J.P.},
  Journal                  = {Journal de m{\'e}canique},
  Year                     = {1978},
  Number                   = {2},
  Pages                    = {153--190},
  Volume                   = {17}
}

@Article{Boe:1979:asd,
  Title                    = {A Simple Derivation of Representations for Non-Polynomial Constitutive Equations in Some Cases of Anisotropy},
  Author                   = {Boehler, J.P.},
  Journal                  = {ZAMM-Journal of Applied Mathematics and Mechanics/Zeitschrift f{\"u}r Angewandte Mathematik und Mechanik},
  Year                     = {1979},
  Number                   = {4},
  Pages                    = {157--167},
  Volume                   = {59},
  Publisher                = {Wiley Online Library}
}

@Book{Boe:1982:vut,
  Title                    = {Vektor- und Tensorrechnung f{\"u}r Ingenieure},
  Author                   = {de Boer, R.},
  Publisher                = {Springer-Verlag, Berlin},
  Year                     = {1993},
  Date-added               = {2016-01-28 08:32:06 +0000},
  Date-modified            = {2016-01-28 08:32:06 +0000},
  Owner                    = {steeger},
  Timestamp                = {2015.12.08}
}

@InCollection{Boe:1987:itt,
  Title                    = {Introduction to the Invariant Formulation of Anisotropic Constitutive Equations},
  Author                   = {Boehler, J.P.},
  Booktitle                = {Applications of Tensor Functions in Solid Mechanics},
  Publisher                = {Springer Vienna},
  Year                     = {1987},
  Editor                   = {Boehler, J.P.},
  Pages                    = {13--30},
  Series                   = {International Centre for Mechanical Sciences},
  Volume                   = {292},
  ISBN                     = {978-3-211-81975-3},
  Language                 = {English}
}

@Article{BoeBru:2001:gro,
  Title                    = {Graphical representation of the generalized {H}ooke's law},
  Author                   = {B\"ohlke, T. and Br\"uggemann, C.},
  Journal                  = {Technische Mechanik (Magdeburg)},
  Year                     = {2001},
  Number                   = {2},
  Pages                    = {145--158},
  Volume                   = {21},
  Date-added               = {2016-01-28 08:32:06 +0000},
  Date-modified            = {2016-01-28 08:32:06 +0000},
  Keywords                 = {tensor},
  Owner                    = {ebbing},
  Timestamp                = {2008.06.11}
}

@Book{BoeSch:2009:tcf,
  Title                    = {Tensor Calculus for Engineers with Applications to Continuum and Computational Mechanics},
  Author                   = {de Boer, R. and Schr{\"o}der, J.},
  Publisher                = {Springer-Verlag, Berlin},
  Year                     = {2009},
  Note                     = {to appear},
  Date-added               = {2016-01-28 08:32:06 +0000},
  Date-modified            = {2016-01-28 08:32:06 +0000},
  Keywords                 = {lsfem},
  Owner                    = {ebbing},
  Timestamp                = {2009.09.24}
}

@Article{BofBreFor:09,
  Title                    = {Reduced Symmetry Elements in Linear Elasticity},
  Author                   = {Boffi, D. and Brezzi, F. and Fortin, M.},
  Journal                  = {Communications on Pure and Applied Analysis},
  Year                     = {2009},
  Pages                    = {95--121},
  Volume                   = {8},
  Date-added               = {2016-01-28 08:32:06 +0000},
  Date-modified            = {2016-01-28 08:32:06 +0000},
  Owner                    = {steeger},
  Timestamp                = {2013.10.10}
}

@Book{BofBreFor:13,
  Title                    = {Mixed Finite Element Methods and Applications},
  Author                   = {Boffi, D. and Brezzi, F. and Fortin, M.},
  Publisher                = {Springer},
  Year                     = {2013},
  Address                  = {Heidelberg},
  Date-added               = {2016-01-28 08:32:06 +0000},
  Date-modified            = {2016-01-28 08:32:06 +0000},
  Owner                    = {steeger},
  Timestamp                = {2013.10.10}
}

@Article{BonGilOrt:2015:oat,
  Title                    = {On a tensor cross product based formulation of large strain solid mechanics },
  Author                   = {Bonet, J. and Antonio J. Gil and Rogelio Ortigosa},
  Journal                  = {International Journal of Solids and Structures },
  Year                     = {2016},
  Pages                    = { - },
  __markedentry            = {[nviebahn:]},
  DOI                      = {http://dx.doi.org/10.1016/j.ijsolstr.2015.12.030},
  ISSN                     = {0020-7683}
}

@Book{BonWoo:1997:ncm,
  Title                    = {Nonlinear continuum mechanics for finite element analysis},
  Author                   = {Bonet, J. and Wood, R. D.},
  Publisher                = {Cambridge university press},
  Year                     = {1997}
}

@Book{Bra:1997:fe,
  Title                    = {Finite Elemente},
  Author                   = {Braess, D.},
  Publisher                = {Springer-Verlag, Berlin},
  Year                     = {1997},
  Edition                  = {2nd},
  Date-added               = {2016-01-28 08:32:06 +0000},
  Date-modified            = {2016-01-28 08:32:06 +0000},
  Owner                    = {steeger},
  Timestamp                = {2013.10.10}
}

@Article{BraCheYan:06,
  Title                    = {A Note on Least-Squares Mixed Finite Elements in Relation to Standard and Mixed Finite Elements},
  Author                   = {Brandts, J. and Chen, Y. and Yang, J.},
  Journal                  = {IMA Journal of Numerical Analysis},
  Year                     = {2006},
  Pages                    = {779--789},
  Volume                   = {26},
  Date-added               = {2016-01-28 08:32:06 +0000},
  Date-modified            = {2016-01-28 08:32:06 +0000},
  Owner                    = {steeger},
  Timestamp                = {2013.10.10}
}

@Article{BraDemGopQiu:12,
  Title                    = {A locking-free $hp$ {DPG} method for linear elasticity with symmetric stresses},
  Author                   = {Bramwell, J. and Demkowicz, L. and Gopalakrishnan, L. and Qiu, W.},
  Journal                  = nm,
  Year                     = {2012},
  Pages                    = {671--707},
  Volume                   = {122},
  Date-added               = {2016-01-28 08:32:06 +0000},
  Date-modified            = {2016-01-28 08:32:06 +0000},
  Owner                    = {gcs},
  Timestamp                = {2013.09.23}
}

@Article{BraKlaRhe:2008:mac,
  Title                    = {Modelling and convergence in arterial wall simulations using a parallel FETI solution strategy},
  Author                   = {Brands, D. and Klawonn, A. and Rheinbach, O. and Schr{\"o}der, J.},
  Journal                  = {Computer methods in biomechanics and biomedical engineering},
  Year                     = {2008},
  Number                   = {5},
  Pages                    = {569--583},
  Volume                   = {11},
  Publisher                = {Taylor \& Francis}
}

@Article{Bre:03b,
  Title                    = {Korn's Inequalities for Piecewise {$H^1$} Vector Fields},
  Author                   = {Brenner, S. C.},
  Journal                  = moc,
  Year                     = {2003},
  Pages                    = {1067--1087},
  Volume                   = {73},
  Date-added               = {2016-01-28 08:32:06 +0000},
  Date-modified            = {2016-01-28 08:32:06 +0000},
  Owner                    = {steeger},
  Timestamp                = {2013.10.10}
}

@Article{Bre:1974:ote,
  Title                    = {On the existence, uniqueness and approximation of saddle-point problems arising from Lagrangian multipliers},
  Author                   = {Brezzi, F.},
  Journal                  = {Revue fran{\c{c}}aise d'automatique, informatique, recherche op{\'e}rationnelle. Analyse num{\'e}rique},
  Year                     = {1974},
  Number                   = {2},
  Pages                    = {129--151},
  Volume                   = {8},
  Date-added               = {2016-01-28 08:32:06 +0000},
  Date-modified            = {2016-01-28 08:32:06 +0000},
  Owner                    = {steeger},
  Timestamp                = {2015.12.15}
}

@Article{BreDouMar:85,
  Title                    = {Two families of mixed finite elements for second order elliptic problems},
  Author                   = {Brezzi, F. and Douglas, J. and Marini, L. D.},
  Journal                  = nm,
  Year                     = {1985},
  Pages                    = {217--235},
  Volume                   = {47},
  Date-added               = {2016-01-28 08:32:06 +0000},
  Date-modified            = {2016-01-28 08:32:06 +0000},
  Owner                    = {steeger},
  Timestamp                = {2013.10.10}
}

@Book{BreFor:2012:mah,
  Title                    = {Mixed and hybrid finite element methods},
  Author                   = {Brezzi, F. and Fortin, M.},
  Publisher                = {Springer Science \& Business Media},
  Year                     = {2012},
  Volume                   = {15}
}

@Article{CaiKorSta:2005:aal,
  Title                    = {An Adaptive Least Squares Mixed Finite Element Method for the Stress-Displacement Formulation of Linear Elasticity},
  Author                   = {Cai, Z. and Korsawe, J. and Starke, G.},
  Journal                  = nmfpde,
  Year                     = {2005},
  Pages                    = {132-148},
  Volume                   = {21},
  Date-added               = {2016-01-28 08:32:06 +0000},
  Date-modified            = {2016-01-28 08:32:06 +0000},
  Owner                    = {steeger},
  Timestamp                = {2015.08.31}
}

@Article{CaiLazManMcC:1994:fos,
  Title                    = {First-Order System Least Squares For Second-Order Partial Differential Equations: Part {I}},
  Author                   = {Cai, Z. and Lazarov, R. and Manteuffel, T.A. and McCormick, S.F.},
  Journal                  = SIAMjona,
  Year                     = {1994},
  Pages                    = {1785-1799},
  Volume                   = {31},
  Date-added               = {2016-01-28 08:32:06 +0000},
  Date-modified            = {2016-01-28 08:32:06 +0000},
  Owner                    = {steeger},
  Timestamp                = {2015.08.31}
}

@Article{CaiLeeManMcC:2000:foslsfl,
  Title                    = {First-Order System Least Squares For Linear Elasticity: Numerical Results},
  Author                   = {Cai, Z. and Lee, C.-O. and Manteuffel, T.A. and McCormick, S.F.},
  Journal                  = siamjosc,
  Year                     = {2000},
  Pages                    = {1706-1727},
  Volume                   = {21},
  Date-added               = {2016-01-28 08:32:06 +0000},
  Date-modified            = {2016-01-28 08:32:06 +0000},
  Owner                    = {steeger},
  Timestamp                = {2015.08.31}
}

@Article{CaiLeeManMcC:2000:foslsft,
  Title                    = {First-Order System Least Squares For The {S}tokes And Linear Elasticity Equations: Further Results},
  Author                   = {Cai, Z. and Lee, C.-O. and Manteuffel, T.A. and McCormick, S.F.},
  Journal                  = siamjosc,
  Year                     = {2000},
  Pages                    = {1728-1739},
  Volume                   = {21},
  Date-added               = {2016-01-28 08:32:06 +0000},
  Date-modified            = {2016-01-28 08:32:06 +0000},
  Owner                    = {steeger},
  Timestamp                = {2013.10.10}
}

@Article{CaiManMcC:1995:fos,
  Title                    = {First-Order System Least Squares for Velocity-Vorticity-Pressure Form of the {S}tokes Equations, with Application to Linear Elasticity},
  Author                   = {Cai, Z. and Manteuffel, T.A. and McCormick, S.F.},
  Journal                  = etona,
  Year                     = {1995},
  Pages                    = {150-159},
  Volume                   = {3},
  Date-added               = {2016-01-28 08:32:06 +0000},
  Date-modified            = {2016-01-28 08:32:06 +0000},
  Owner                    = {steeger},
  Timestamp                = {2015.08.31}
}

@Article{CaiManMcC:1997:fos,
  Title                    = {First-Order System Least Squares for the {S}tokes Equation, with Application to Linear Elasticity},
  Author                   = {Cai, Z. and Manteuffel, T.A. and McCormick, S.F.},
  Journal                  = SIAMjona,
  Year                     = {1997},
  Pages                    = {1727-1741},
  Volume                   = {34},
  Date-added               = {2016-01-28 08:32:06 +0000},
  Date-modified            = {2016-01-28 08:32:06 +0000},
  Owner                    = {steeger},
  Timestamp                = {2015.08.31}
}

@Article{CaiManMcCPar:1998:fos,
  Title                    = {First-Order System Least Squares ({FOSLS}) for Planar Linear Elasticity: Pure Traction Problem},
  Author                   = {Cai, Z. and Manteuffel, T.A. and McCormick, S.F. and Parter, S.V.},
  Journal                  = SIAMjona,
  Year                     = {1998},
  Pages                    = {320-335},
  Volume                   = {35},
  Date-added               = {2016-01-28 08:32:06 +0000},
  Date-modified            = {2016-01-28 08:32:06 +0000},
  Owner                    = {steeger},
  Timestamp                = {2015.08.31}
}

@Article{CaiManMcCPar:98,
  Title                    = {First-Order System Least Squares for Planar Linear Elasticity: Pure Traction Problem},
  Author                   = {Cai, Z. and Manteuffel, T. A. and McCormick, S. F. and Parter, S. V.},
  Journal                  = SIAMjona,
  Year                     = {1998},
  Pages                    = {320--335},
  Volume                   = {35},
  Date-added               = {2016-01-28 08:32:06 +0000},
  Date-modified            = {2016-01-28 08:32:06 +0000},
  Owner                    = {steeger},
  Timestamp                = {2013.10.10}
}

@Article{CaiSta:2003:fos,
  Title                    = {First-Order System Least Squares for the Stress-Displacement Formulation: Linear Elasticity},
  Author                   = {Cai, Z. and Starke, G.},
  Journal                  = SIAMjona,
  Year                     = {2003},
  Pages                    = {715-730},
  Volume                   = {41},
  Date-added               = {2016-01-28 08:32:06 +0000},
  Date-modified            = {2016-01-28 08:32:06 +0000},
  Owner                    = {steeger},
  Timestamp                = {2015.08.31}
}

@Article{CaiSta:2004:lsm,
  Title                    = {Least-Squares Methods for Linear Elasticity},
  Author                   = {Cai, Z. and Starke, G.},
  Journal                  = SIAMjona,
  Year                     = {2004},
  Pages                    = {826-842},
  Volume                   = {42},
  Date-added               = {2016-01-28 08:32:06 +0000},
  Date-modified            = {2016-01-28 08:32:06 +0000},
  Owner                    = {steeger},
  Timestamp                = {2015.08.31}
}

@Article{CaiWes:2008:awh,
  Title                    = {A Weighted $H(div)$ Least-Squares Method for Second-Order Elliptic Problems},
  Author                   = {Cai, Z. and Westphal, C.},
  Journal                  = SIAMjona,
  Year                     = {2008},
  Pages                    = {1640-1651},
  Volume                   = {46},
  __markedentry            = {[steeger:6]},
  Date-added               = {2016-01-28 08:32:06 +0000},
  Date-modified            = {2016-01-28 08:32:06 +0000},
  Owner                    = {steeger},
  Timestamp                = {2015.10.23}
}

@Article{CaiWes:2009:aam,
  Title                    = {An Adaptive Mixed Least-Squares Finite Element Method for Viscoelastic Fluids of {O}ldroyd Type},
  Author                   = {Cai, Z. and Westphal, C. R.},
  Journal                  = {Journal of Non-Newtonian Fluid Mechanics},
  Year                     = {2009},
  Pages                    = {72-80},
  Volume                   = {159},
  Date-added               = {2016-01-28 08:32:06 +0000},
  Date-modified            = {2016-01-28 08:32:06 +0000},
  Owner                    = {steeger},
  Timestamp                = {2015.10.23}
}

@Article{CarEigGed:11,
  Title                    = {Computational competition of symmetric mixed {FEM} in linear elasticity},
  Author                   = {Carstensen, C. and Eigel, M. and Gedicke J.},
  Journal                  = {Computer Methods in Applied Mechanics and Engineering},
  Year                     = {2011},
  Pages                    = {2903--2915},
  Volume                   = {200},
  Date-added               = {2016-01-28 08:32:06 +0000},
  Date-modified            = {2016-01-28 08:32:06 +0000},
  Owner                    = {steeger},
  Timestamp                = {2013.10.10}
}

@Article{ChaBat:1993:tit,
  Title                    = {{The inf-sup test} },
  Author                   = {Chapelle, D. and Bathe, K. J.},
  Journal                  = {Computers \& structures},
  Year                     = {1993},
  Pages                    = {537--545},
  Volume                   = {47 }
}

@Article{ChaLamWoh:07,
  Title                    = {Locking-free finite element methods for linear and nonlinear elasticity in {2D} and {3D}},
  Author                   = {Chavan, K. S. and Lamichhane, B. P. and Wohlmuth, B. I.},
  Journal                  = {Computer Methods in Applied Mechanics and Engineering},
  Year                     = {2007},
  Pages                    = {4075--4086},
  Volume                   = {196},
  Date-added               = {2016-01-28 08:32:06 +0000},
  Date-modified            = {2016-01-28 08:32:06 +0000},
  Owner                    = {steeger},
  Timestamp                = {2013.10.10}
}

@Article{CheShaGho:2015:ste,
  Title                    = {Stabilized Tetrahedral Elements for Crystal Plasticity Finite Element Analysis Overcoming Volumetric Locking},
  Author                   = {Cheng, J. and Shahba, A. and Ghosh, S.},
  Journal                  = {Computational Mechanics},
  Year                     = {2015}
}

@Book{Cia:1988:te,
  Title                    = {Mathematical elasticity, vol {I}: {T}hree-dimensional elasticity.},
  Author                   = {Ciarlet, P.G.},
  Publisher                = {Elsevier Science Ltd},
  Year                     = {1988},
  Date-added               = {2016-01-28 08:32:06 +0000},
  Date-modified            = {2016-01-28 08:32:06 +0000},
  Owner                    = {ebbing},
  Timestamp                = {2011.02.15}
}

@Book{Cia:1991:hon,
  Title                    = {Handbook of Numerical Analysis, vol {II}: {F}inite Element Methods, Part 1},
  Author                   = {Ciarlet, P.G.},
  Publisher                = {Elsevier Science Ltd},
  Year                     = {1991},
  Date-added               = {2016-01-28 08:32:06 +0000},
  Date-modified            = {2016-01-28 08:32:06 +0000},
  Owner                    = {ebbing},
  Timestamp                = {2011.02.15}
}

@Book{Cia:1993:met,
  Title                    = {Mathematical elasticity: Three-dimensional elasticity},
  Author                   = {Ciarlet, P. G.},
  Publisher                = {Elsevier},
  Year                     = {1993},
  Volume                   = {1}
}

@Article{CocGopGuz:10,
  Title                    = {A New Elasticity Element Made For Enforcing Weak Stress Symmetry},
  Author                   = {Cockburn, B. and Gopalakrishnan, J. and Guzm{\'a}n, J.},
  Journal                  = moc,
  Year                     = {2010},
  Pages                    = {1331--1349},
  Volume                   = {79},
  Date-added               = {2016-01-28 08:32:06 +0000},
  Date-modified            = {2016-01-28 08:32:06 +0000},
  Owner                    = {steeger},
  Timestamp                = {2013.10.10}
}

@Book{Dac:1989:dmi,
  Title                    = {Direct methods in the calculus of variations},
  Author                   = {Dacorogna, B.},
  Publisher                = {Springer},
  Year                     = {1989},
  Address                  = {Berlin},
  Edition                  = {first},
  Series                   = {Applied {M}athematical {S}ciences},
  Volume                   = {78},
  Date-added               = {2016-01-28 08:32:06 +0000},
  Date-modified            = {2016-01-28 08:32:06 +0000},
  Owner                    = {ebbing},
  Timestamp                = {2011.02.15}
}

@Article{DeaGun:1998:irt,
  Title                    = {Issues related to least-squares finite element methods for the {S}tokes equations},
  Author                   = {J. M. Deang and M. D. Gunzburger},
  Journal                  = siamjosc,
  Year                     = {1998},
  Number                   = {3},
  Pages                    = {878--906},
  Volume                   = {20},
  Date-added               = {2016-01-28 08:32:06 +0000},
  Date-modified            = {2016-01-28 08:32:06 +0000},
  Owner                    = {specht},
  Timestamp                = {2010.12.21}
}

@Book{deB:1982:vtf,
  Title                    = {Vektor-und Tensorrechnung f{\"u}r Ingenieure},
  Author                   = {{de Boer}, R.},
  Publisher                = {Springer-Verlag, Berlin},
  Year                     = {1982}
}

@Article{deBPam:1996:snd,
  Title                    = {Some novel developments in finite element procedures for gradient-dependent plasticity},
  Author                   = {de Borst, R. and Pamin, J.},
  Journal                  = ijnme,
  Year                     = {1996},
  Pages                    = {2477--2505},
  Volume                   = {39},
  Date-added               = {2016-01-28 08:32:06 +0000},
  Date-modified            = {2016-01-28 08:32:06 +0000},
  Owner                    = {steeger},
  Timestamp                = {2013.10.08}
}

@Article{deSAndOwe:1996:dos,
  Title                    = {Design of simple low order finite elements for large strain analysis of nearly incompressible solids},
  Author                   = {de Souza Neto, E.A. and Andrade Pires, F. M. and Owen, D.R.J.},
  Journal                  = ijosas,
  Year                     = {1996},
  Pages                    = {3277-3296},
  Volume                   = {33},
  Date-added               = {2016-01-28 08:32:06 +0000},
  Date-modified            = {2016-01-28 08:32:06 +0000},
  Owner                    = {steeger},
  Timestamp                = {2013.10.07}
}

@Article{deSAndOwe:2005:fbb,
  Title                    = {{F}-bar based linear triangles and tetrahedra for finite strain analysis of nearly incompressible solids. {P}art {I}: formulation and benchmarking},
  Author                   = {de Souza Neto, E.A. and Andrade Pires, F. M. and Owen, D.R.J.},
  Journal                  = ijosas,
  Year                     = {2005},
  Pages                    = {353-383},
  Volume                   = {62},
  Date-added               = {2016-01-28 08:32:06 +0000},
  Date-modified            = {2016-01-28 08:32:06 +0000},
  Owner                    = {steeger},
  Timestamp                = {2013.10.07}
}

@Article{DjoLamRedWoh:06,
  Title                    = {Conditions for Equivalence Between the {H}u-{W}ashizu and Related Formulations, and Computational Behavior in the Incompressible Limit},
  Author                   = {J. K. Djoko and B. P. Lamichhane and B. D. Reddy and B. I. Wohlmuth},
  Journal                  = {Computer Methods in Applied Mechanics and Engineering},
  Year                     = {2006},
  Pages                    = {4161--4178},
  Volume                   = {195},
  Date-added               = {2016-01-28 08:32:06 +0000},
  Date-modified            = {2016-01-28 08:32:06 +0000},
  Owner                    = {steeger},
  Timestamp                = {2013.10.10}
}

@Article{DjoRed:2006:aeh,
  Title                    = {An extended {H}u-{W}ashizu formulation for elasticity},
  Author                   = {Djoko, J.K. and Reddy, B.D.},
  Journal                  = {Computer Methods in Applied Mechanics and Engineering},
  Year                     = {2006},
  Pages                    = {44-47},
  Volume                   = {195},
  Date-added               = {2016-01-28 08:32:06 +0000},
  Date-modified            = {2016-01-28 08:32:06 +0000},
  Owner                    = {steeger},
  Timestamp                = {2013.10.10}
}

@Article{DohHeiJunKeyWit:2000:nbu,
  Title                    = {Node-based uniform strain elements for three-node triangular and four-node tetrahedral meshes},
  Author                   = {Dohrmann,C.R. and Heinstein, M. W. and Jung, J. and Key, S. W. and Witkowski, W. R.},
  Journal                  = ijnme,
  Year                     = {2000},
  Pages                    = {1549-1568},
  Volume                   = {47},
  Date-added               = {2016-01-28 08:32:06 +0000},
  Date-modified            = {2016-01-28 08:32:06 +0000},
  Owner                    = {steeger},
  Timestamp                = {2013.10.07}
}

@Article{DuaLin:05,
  Title                    = {Mixed Finite Elements of Least-Squares Type for Elasticity},
  Author                   = {Duan, H.-Y. and Lin, Q.},
  Journal                  = {Computer Methods in Applied Mechanics and Engineering},
  Year                     = {2005},
  Pages                    = {1093--1112},
  Volume                   = {194},
  Date-added               = {2016-01-28 08:32:06 +0000},
  Date-modified            = {2016-01-28 08:32:06 +0000},
  Owner                    = {steeger},
  Timestamp                = {2013.10.10}
}

@Article{Eas:1976:aro,
  Title                    = {A Review of Least-Squares Methods for Solving Partial Differential Equations},
  Author                   = {Eason, E.D.},
  Journal                  = ijnme,
  Year                     = {1976},
  Pages                    = {1021-1046},
  Volume                   = {10},
  __markedentry            = {[steeger:6]},
  Date-added               = {2016-01-28 08:32:06 +0000},
  Date-modified            = {2016-01-28 08:32:06 +0000},
  Owner                    = {steeger},
  Timestamp                = {2015.10.23}
}

@PhdThesis{Ebb:2010:dop,
  Title                    = {Design of Polyconvex Energy Functions for All Anisotropy Classes},
  Author                   = {Ebbing, V.},
  School                   = {{Institut f\"ur Mechanik, Abteilung Bauwissenschaften, Fakult\"at f\"ur Ingenieurwissenschaften, Universit\"at Duisburg-Essen}},
  Year                     = {2010},
  Date-added               = {2016-01-28 08:32:06 +0000},
  Date-modified            = {2016-01-28 08:32:06 +0000},
  Owner                    = {brands},
  Timestamp                = {2010.09.01}
}

@Article{EbbBalSch:2009:coa,
  Title                    = {Construction of anisotropic polyconvex energies and applications to thin shells},
  Author                   = {Ebbing, V. and Balzani, D. and Schr\"oder, J. and Neff, P. and Gruttmann, F.},
  Journal                  = {Computational Materials Science},
  Year                     = {2009},
  Number                   = {3},
  Pages                    = {639--641},
  Volume                   = {46}
}

@InCollection{EbbSchNef:2009:cop,
  Title                    = {Construction of polyconvex energies for non-trivial anisotropy classes},
  Author                   = {Ebbing, V. and Schr\"oder, J. and Neff, P.},
  Booktitle                = {{P}oly-, quasi- and rank-one convexity in applied mechanics},
  Publisher                = {Springer},
  Year                     = {2010},
  Editor                   = {J. Schr\"oder and P. Neff},
  Pages                    = {107--130},
  Series                   = {CISM Courses and Lectures},
  Volume                   = {516},
  Date-added               = {2016-01-28 08:32:06 +0000},
  Date-modified            = {2016-01-28 08:32:06 +0000},
  Keywords                 = {tensor},
  Owner                    = {ebbing},
  Timestamp                = {2008.06.10}
}

@Book{ErnGue:2013:tap,
  Title                    = {Theory and practice of finite elements},
  Author                   = {Ern, A. and Guermond, J.-L.},
  Publisher                = {Springer Science \& Business Media},
  Year                     = {2013},
  Volume                   = {159},
  Date-added               = {2016-01-28 08:32:06 +0000},
  Date-modified            = {2016-01-28 08:32:06 +0000},
  Owner                    = {steeger},
  Timestamp                = {2015.12.15}
}

@Article{ForGuePie:1997:nao,
  Title                    = {Numerical analysis of the modified {EVSS} method},
  Author                   = {Fortin, M. and Guenette, R. and Pierre, R.},
  Journal                  = {Computer Methods in Applied Mechanics and Engineering},
  Year                     = {1997},
  Pages                    = {79--95},
  Volume                   = {143},
  Date-added               = {2016-01-28 08:32:06 +0000},
  Date-modified            = {2016-01-28 08:32:06 +0000},
  Owner                    = {steeger},
  Timestamp                = {2013.10.10}
}

@Article{ForGuePie:2000:otd,
  Title                    = {On the discrete {EVSS} method},
  Author                   = {Fortin, M. and Guenette, R. and Pierre, R.},
  Journal                  = {Computer Methods in Applied Mechanics and Engineering},
  Year                     = {2000},
  Pages                    = {121--139},
  Volume                   = {189},
  Date-added               = {2016-01-28 08:32:06 +0000},
  Date-modified            = {2016-01-28 08:32:06 +0000},
  Owner                    = {steeger},
  Timestamp                = {2013.10.10}
}

@Article{FreSch:1996:oas,
  Title                    = {On a systematic development of trilinear three-dimensional solid elements based on {S}imo's enhanced strain approach},
  Author                   = {Freischl{\"a}ger, C. and Schweizerhof, K.},
  Journal                  = ijosas,
  Year                     = {1996},
  Pages                    = {2993-3017},
  Volume                   = {33,No.20-22},
  Date-added               = {2016-01-28 08:32:06 +0000},
  Date-modified            = {2016-01-28 08:32:06 +0000},
  Owner                    = {steeger},
  Timestamp                = {2013.09.14}
}

@Article{GeeDohKeyWal:2009:aun,
  Title                    = {A uniform nodal strain tetrahedron with isochoric stabilization},
  Author                   = {Gee, M.W. and Dohrmann, C. R. and Key, S.W. and Wall, W.A.},
  Journal                  = ijnme,
  Year                     = {2009},
  Pages                    = {429-443},
  Volume                   = {78},
  Date-added               = {2016-01-28 08:32:06 +0000},
  Date-modified            = {2016-01-28 08:32:06 +0000},
  Owner                    = {steeger},
  Timestamp                = {2013.10.07}
}

@Article{HelJabMaz:2010:onr,
  Title                    = {On non-physical response in models for fiber-reinforced hyperelastic materials},
  Author                   = {Helfenstein, J. and Jabareen, M. and Mazza, E. and Govindjee, S.},
  Journal                  = {International Journal of Solids and Structures},
  Year                     = {2010},
  Number                   = {16},
  Pages                    = {2056--2061},
  Volume                   = {47},
  Date-modified            = {2016-01-26 09:46:02 +0000},
  Publisher                = {Elsevier}
}

@Article{Hil:1890:udt,
  Title                    = {{U}eber die {T}heorie der algebraischen {F}ormen.},
  Author                   = {D. Hilbert},
  Journal                  = ma,
  Year                     = {1890},
  Pages                    = {473--534},
  Volume                   = {36},
  Date-added               = {2016-01-28 08:32:06 +0000},
  Date-modified            = {2016-01-28 08:32:06 +0000},
  Keywords                 = {tensor},
  Owner                    = {ebbing},
  Timestamp                = {2009.09.05}
}

@Article{Hil:1893:udv,
  Title                    = {{U}eber die vollen {I}nvariantensysteme.},
  Author                   = {D. Hilbert},
  Journal                  = ma,
  Year                     = {1893},
  Pages                    = {313--373},
  Volume                   = {42},
  Date-added               = {2016-01-28 08:32:06 +0000},
  Date-modified            = {2016-01-28 08:32:06 +0000},
  Keywords                 = {tensor},
  Owner                    = {ebbing},
  Timestamp                = {2009.09.05}
}

@Article{HolGasOgd:2000:anc,
  Title                    = {A new constitutive framework for arterial wall mechanics and a comparative study of material models},
  Author                   = {Holzapfel, G.A. and Gasser, T.C. and Ogden, R.W.},
  Journal                  = {Journal of elasticity and the physical science of solids},
  Year                     = {2000},
  Number                   = {1-3},
  Pages                    = {1--48},
  Volume                   = {61},
  Publisher                = {Springer}
}

@Book{Hug:1987:tfem,
  Title                    = {The Finite Element Method},
  Author                   = {T. R. J. Hughes},
  Publisher                = {Prentice Hall},
  Year                     = {1987},
  Address                  = {Englewood Cliffs, New Jersey},
  Language                 = {USenglish}
}

@Article{JetCes:1991:amf,
  Title                    = {A mixed finite element for the analysis of large inelastic strains},
  Author                   = {Jetteur, P. and Cescotto, S.},
  Journal                  = ijnme,
  Year                     = {1991},
  Pages                    = {229--239},
  Volume                   = {31},
  Date-added               = {2016-01-28 08:32:06 +0000},
  Date-modified            = {2016-01-28 08:32:06 +0000},
  Owner                    = {steeger},
  Timestamp                = {2013.10.08}
}

@Book{Jia:1998:tls,
  Title                    = {The Least-Squares Finite Element Method},
  Author                   = {Jiang, B.-N.},
  Publisher                = {Springer-Verlag, Berlin},
  Year                     = {1998},
  Date-added               = {2016-01-28 08:32:06 +0000},
  Date-modified            = {2016-01-28 08:32:06 +0000},
  Owner                    = {steeger},
  Timestamp                = {2015.08.31}
}

@Article{Jia:2002:tls,
  Title                    = {The Least-Squares Finite Element Method in Elasticity. {P}art {II}: Bending of Thin Plates},
  Author                   = {Jiang, B.-N.},
  Journal                  = ijfnmie,
  Year                     = {2002},
  Pages                    = {1459-1475},
  Volume                   = {54},
  __markedentry            = {[steeger:6]},
  Date-added               = {2016-01-28 08:32:06 +0000},
  Date-modified            = {2016-01-28 08:32:06 +0000},
  Owner                    = {steeger},
  Timestamp                = {2015.10.23}
}

@Article{JiaWu:2002:tls,
  Title                    = {The Least-Squares Finite Element Method in Elasticity. {P}art {I}: Plane Stress or Strain with Drilling Degrees of Freedom},
  Author                   = {Jiang, B.-N. and Wu, J.},
  Journal                  = ijfnmie,
  Year                     = {2002},
  Pages                    = {621-636},
  Volume                   = {53},
  __markedentry            = {[steeger:6]},
  Date-added               = {2016-01-28 08:32:06 +0000},
  Date-modified            = {2016-01-28 08:32:06 +0000},
  Owner                    = {steeger},
  Timestamp                = {2015.10.23}
}

@Article{Joh:77,
  Title                    = {A mixed finite element method for plasticity problems},
  Author                   = {Johnson, C.},
  Journal                  = SIAMjona,
  Year                     = {1977},
  Pages                    = {575--583},
  Volume                   = {14, No. 4},
  Date-added               = {2016-01-28 08:32:06 +0000},
  Date-modified            = {2016-01-28 08:32:06 +0000},
  Owner                    = {steeger},
  Timestamp                = {2013.10.08}
}

@Article{KimManMcC:2000:fos,
  Title                    = {First-Order System Least Squares ({FOSLS}) For Spatial Linear Elasticity: Pure Traction},
  Author                   = {Kim, S.D. and Manteuffel, T.A. and McCormick, S.F.},
  Journal                  = SIAMjona,
  Year                     = {2000},
  Pages                    = {1454-1482},
  Volume                   = {38},
  Date-added               = {2016-01-28 08:32:06 +0000},
  Date-modified            = {2016-01-28 08:32:06 +0000},
  Owner                    = {steeger},
  Timestamp                = {2013.10.10}
}

@Article{KlaSchSteMie:95,
  Title                    = {A Regularized Dual Mixed Element for Plane Elasticity: {I}mplementation and Performance of the {BDM} Element},
  Author                   = {O. Klaas and J. Schr{\"o}der and E. Stein and C.Miehe},
  Journal                  = {Computer Methods in Applied Mechanics and Engineering},
  Year                     = {1995},
  Pages                    = {201--209},
  Volume                   = {121},
  Date-added               = {2016-01-28 08:32:06 +0000},
  Date-modified            = {2016-01-28 08:32:06 +0000},
  Owner                    = {steeger},
  Timestamp                = {2013.10.10}
}

@Article{Kor:1997:ago,
  Title                    = {Automatic generation of finite-element code by simultaneous optimization of expressions},
  Author                   = {Korelc, J.},
  Journal                  = {Theoretical Computer Science},
  Year                     = {1997},
  Number                   = {1},
  Pages                    = {231--248},
  Volume                   = {187},
  Publisher                = {Elsevier}
}

@Article{Kor:2002:mla,
  Title                    = {Multi-language and Multi-environment Generation of Nonlinear Finite Element Codes},
  Author                   = {Korelc, J.},
  Journal                  = {Engineering with Computers},
  Year                     = {2002},
  Pages                    = {312--327},
  Volume                   = {18},
  Date-added               = {2016-01-28 08:32:06 +0000},
  Date-modified            = {2016-01-28 08:32:06 +0000},
  Owner                    = {steeger},
  Timestamp                = {2012.02.10}
}

@Article{KorSta:05,
  Title                    = {A Least Squares Mixed Finite Element Method for {B}iot's Consolidation Problem in Porous Media},
  Author                   = {J. Korsawe and G. Starke},
  Journal                  = SIAMjona,
  Year                     = {2005},
  Pages                    = {318--339},
  Volume                   = {43},
  Date-added               = {2016-01-28 08:32:06 +0000},
  Date-modified            = {2016-01-28 08:32:06 +0000},
  Owner                    = {steeger},
  Timestamp                = {2013.10.10}
}

@Book{Kra:1986:mmb,
  Title                    = {{M}aterialtheorie - {M}athematische {B}eschreibung des ph\"anomenologischen thermomechanischen {V}erhaltens},
  Author                   = {A. Krawietz},
  Publisher                = {Springer},
  Year                     = {1986},
  Date-added               = {2016-01-28 08:32:06 +0000},
  Date-modified            = {2016-01-28 08:32:06 +0000},
  Keywords                 = {tensor},
  Owner                    = {ebbing},
  Timestamp                = {2011.02.15}
}

@Article{KwoParYou:05,
  Title                    = {The least-squares mesh free method for elasto-plasticity and its application to metal forming analysis},
  Author                   = {K.-C. Kwon and S.-H. Park and S.-K. Youn},
  Journal                  = ijnme,
  Year                     = {2005},
  Pages                    = {751--788},
  Volume                   = {64},
  Date-added               = {2016-01-28 08:32:06 +0000},
  Date-modified            = {2016-01-28 08:32:06 +0000},
  Owner                    = {steeger},
  Timestamp                = {2013.10.10}
}

@Book{Lad:1969:tmt,
  Title                    = {The mathematical theory of viscous incompressible flow},
  Author                   = {Ladyzhenskaya, O. A.},
  Publisher                = {Gordon and Breach New York},
  Year                     = {1969},
  Volume                   = {76},
  Date-added               = {2016-01-28 08:32:06 +0000},
  Date-modified            = {2016-01-28 08:32:06 +0000},
  Owner                    = {steeger},
  Timestamp                = {2015.12.18}
}

@Book{LiuNgu:2010:sfe,
  Title                    = {Smoothed finite element methods},
  Author                   = {Liu, G.R. and Nguyen-Thoi, T.},
  Publisher                = {CRC Press, Taylor and Francis Group},
  Year                     = {2010},
  Date-added               = {2016-01-28 08:32:06 +0000},
  Date-modified            = {2016-01-28 08:32:06 +0000},
  Owner                    = {steeger},
  Timestamp                = {2013.10.07}
}

@Article{LonVer:04b,
  Title                    = {On the stability of {BDMS} and {PEERS} elements},
  Author                   = {M. Lonsing and R. Verf{\"u}rth},
  Journal                  = nm,
  Year                     = {2004},
  Pages                    = {131--140},
  Volume                   = {99},
  Date-added               = {2016-01-28 08:32:06 +0000},
  Date-modified            = {2016-01-28 08:32:06 +0000},
  Owner                    = {steeger},
  Timestamp                = {2013.10.10}
}

@Article{LynAry:1973:uot,
  Title                    = {Use of the Least Squares Criterion in the Finite Element Formulation},
  Author                   = {Lynn, P.P. and Arya, S.K.},
  Journal                  = ijfnmie,
  Year                     = {1973},
  Pages                    = {75-88},
  Volume                   = {6},
  __markedentry            = {[steeger:6]},
  Date-added               = {2016-01-28 08:32:06 +0000},
  Date-modified            = {2016-01-28 08:32:06 +0000},
  Owner                    = {steeger},
  Timestamp                = {2015.10.23}
}

@Article{ManMcCSchWes:06,
  Title                    = {First-Order System Least Squares for Geometrically Nonlinear Elasticity},
  Author                   = {T. A. Manteuffel and S. F. McCormick and J. G. Schmidt and C. R. Westphal},
  Journal                  = SIAMjona,
  Year                     = {2006},
  Pages                    = {2057--2081},
  Volume                   = {44},
  Date-added               = {2016-01-28 08:32:06 +0000},
  Date-modified            = {2016-01-28 08:32:06 +0000},
  Owner                    = {steeger},
  Timestamp                = {2013.10.10}
}

@Article{ManMcCSchWes:2006:fos,
  Title                    = {First-Order System Least Squares ({FOSLS}) for Geometrically Nonlinear Elasticity},
  Author                   = {Manteuffel, T.A. and McCormick, S.F. and Schmidt, J.G. and Westphal, C.R.},
  Journal                  = SIAMjona,
  Year                     = {2006},
  Pages                    = {2057-2081},
  Volume                   = {44},
  __markedentry            = {[steeger:6]},
  Date-added               = {2016-01-28 08:32:06 +0000},
  Date-modified            = {2016-01-28 08:32:06 +0000},
  Owner                    = {steeger},
  Timestamp                = {2015.10.23}
}

@Book{MarHug:1983:mfo,
  Title                    = {Mathematical foundations of elasticity.},
  Author                   = {J. E. Marsden and J. R. Hughes},
  Publisher                = {Prentice-Hall},
  Year                     = {1983},
  Date-added               = {2016-01-28 08:32:06 +0000},
  Date-modified            = {2016-01-28 08:32:06 +0000},
  Keywords                 = {tensor},
  Owner                    = {ebbing},
  Timestamp                = {2011.02.15}
}

@Book{MarHug:1994:mfo,
  Title                    = {Mathematical foundations of elasticity},
  Author                   = {Marsden, J.E. and Hughes, T.J.R.},
  Publisher                = {Courier Corporation},
  Year                     = {1994}
}

@Article{MieAldMau:2013:mvp,
  Title                    = {Mixed variational principles and robust finite element implementations of gradient plasticity at small strains},
  Author                   = {Miehe, C. and Aldakheel, F. and Mauthe, S.},
  Journal                  = ijnme,
  Year                     = {2013},
  Pages                    = {1037--1074},
  Volume                   = {94},
  Date-added               = {2016-01-28 08:32:06 +0000},
  Date-modified            = {2016-01-28 08:32:06 +0000},
  Owner                    = {steeger},
  Timestamp                = {2013.10.08}
}

@Article{MieSch:2001:eam,
  Title                    = {Energy and momentum conserving elastodynamics of a nonlinear brick-type mixed finite shell element},
  Author                   = {C. Miehe and J. Schr\"{o}der},
  Journal                  = ijnme,
  Year                     = {2001},
  Pages                    = {1801-1823},
  Volume                   = {50},
  Date-added               = {2016-01-28 08:32:06 +0000},
  Date-modified            = {2016-01-28 08:32:06 +0000},
  Keywords                 = {fem, shells},
  Owner                    = {Wojno},
  Timestamp                = {2009.06.23}
}

@Article{MiSt92,
  Title                    = {A Canonical Model of Multiplicative Elasto-Plasticity Formulation and Aspects of the Numerical Implementation},
  Author                   = {Miehe, C. and Stein, E.},
  Journal                  = ejomas,
  Year                     = {1992},
  Pages                    = {25-43},
  Volume                   = {Vol. 11},
  Date-added               = {2016-01-28 08:32:06 +0000},
  Date-modified            = {2016-01-28 08:32:06 +0000},
  Owner                    = {steeger},
  Timestamp                = {2013.10.10}
}

@Article{Mor:1952:qat,
  Title                    = {Quasi-convexity and the lower semicontinuity of multiple integrals},
  Author                   = {C.B. Morrey},
  Journal                  = pjom,
  Year                     = {1952},
  Pages                    = {25-53},
  Volume                   = {2},
  Date-added               = {2016-01-28 08:32:06 +0000},
  Date-modified            = {2016-01-28 08:32:06 +0000},
  Keywords                 = {homogenization},
  Owner                    = {Wojno},
  Timestamp                = {2009.06.24}
}

@Book{Mor:1966:mii,
  Title                    = {Multiple integrals in the calculus of variations.},
  Author                   = {C.~B. Morrey},
  Publisher                = {Springer},
  Year                     = {1966},
  Date-added               = {2016-01-28 08:32:06 +0000},
  Date-modified            = {2016-01-28 08:32:06 +0000},
  Keywords                 = {tensor},
  Owner                    = {ebbing},
  Timestamp                = {2009.04.22}
}

@Article{MueStaSchSch:2014:afo,
  Title                    = {{A first-order system least squares method for hyperelasticity}},
  Author                   = {M\"{u}ller, B. and Starke, G. and Schwarz, A. and Schr\"{o}der, J},
  Journal                  = siamjosc,
  Year                     = {2014},
  Pages                    = {795-816},
  Volume                   = {36},
  __markedentry            = {[steeger:6]},
  Date-added               = {2016-01-28 08:32:06 +0000},
  Date-modified            = {2016-01-28 08:32:06 +0000},
  Owner                    = {steeger},
  Timestamp                = {2015.10.23}
}

@Article{NagParRic:1974:ona,
  Title                    = {On numerically accurate finite element solutions in the fully plastic range},
  Author                   = {Nagtegaal, Johannes Catharinus and Parks, David Moore and Rice, JR},
  Journal                  = {Computer methods in applied mechanics and engineering},
  Year                     = {1974},
  Number                   = {2},
  Pages                    = {153--177},
  Volume                   = {4},
  Publisher                = {Elsevier}
}

@Article{NefWie:03,
  Title                    = {Comparison of Models for Finite Plasticity: {A} Numerical Study},
  Author                   = {P. Neff and C. Wieners},
  Journal                  = {Computing and Visualization in Science},
  Year                     = {2003},
  Pages                    = {23--35},
  Volume                   = {6},
  Date-added               = {2016-01-28 08:32:06 +0000},
  Date-modified            = {2016-01-28 08:32:06 +0000},
  Owner                    = {steeger},
  Timestamp                = {2013.10.10}
}

@Book{Neu:1885:vud,
  Title                    = {{V}orlesungen \"uber die {T}heorie der {E}lastizit\"at der festen {K}\"orper und des {L}icht\"athers.},
  Author                   = {F.~E. Neumann},
  Publisher                = {Teubner},
  Year                     = {1885},
  Adress                   = {Leipzig},
  Date-added               = {2016-01-28 08:32:06 +0000},
  Date-modified            = {2016-01-28 08:32:06 +0000},
  Keywords                 = {tensor},
  Owner                    = {ebbing},
  Timestamp                = {2011.02.15}
}

@Book{NocWri:2006:no,
  Title                    = {Numerical Optimization},
  Author                   = {Nocedal, J. and Wright, S.J.},
  Publisher                = {Springer},
  Year                     = {2006},
  Address                  = {New York},
  Edition                  = {2nd},
  Date-added               = {2016-01-28 08:32:06 +0000},
  Date-modified            = {2016-01-28 08:32:06 +0000},
  Owner                    = {steeger},
  Timestamp                = {2013.10.10}
}

@Article{ObeNovKry:2014:bff,
  Title                    = {B-bar FEMs for anisotropic elasticity},
  Author                   = {Oberrecht, Stephen P and Nov{\'a}k, J and Krysl, Petr},
  Journal                  = {International Journal for Numerical Methods in Engineering},
  Year                     = {2014},
  Number                   = {2},
  Pages                    = {92--104},
  Volume                   = {98},
  Date-modified            = {2016-01-26 09:50:18 +0000},
  Publisher                = {Wiley Online Library}
}

@Article{PecSch:11,
  Title                    = {Tangential-Displacement and Normal-Normal-Stress Continuous Mixed Finite Elements for Elasticity},
  Author                   = {A. Pechstein and J. Sch{\"o}berl},
  Journal                  = mmias,
  Year                     = {2011},
  Pages                    = {1761--1782},
  Volume                   = {21},
  Date-added               = {2016-01-28 08:32:06 +0000},
  Date-modified            = {2016-01-28 08:32:06 +0000},
  Owner                    = {steeger},
  Timestamp                = {2013.10.10}
}

@Article{Per:1966:fpi,
  Title                    = {Fundamental Problems in Viscoplasticity},
  Author                   = {Perzyna, P.},
  Journal                  = {Advances in applied mechanics},
  Year                     = {1966},
  Pages                    = {243-377},
  Volume                   = {9},
  Date-added               = {2016-01-28 08:32:06 +0000},
  Date-modified            = {2016-01-28 08:32:06 +0000},
  Owner                    = {steeger},
  Timestamp                = {2013.10.10}
}

@Article{Pia:1964:doe,
  Title                    = {Derivation of element stiffness matrices by assumed stress distribution},
  Author                   = {Pian, T.H.H.},
  Journal                  = {AIAA Journal},
  Year                     = {1964},
  Pages                    = {1333-1336},
  Volume                   = {20},
  Date-added               = {2016-01-28 08:32:06 +0000},
  Date-modified            = {2016-01-28 08:32:06 +0000},
  Owner                    = {steeger},
  Timestamp                = {2013.10.10}
}

@Article{PiaSum:1984:ara,
  Title                    = {A Rational Approach for Assumed Stress Finite Elements},
  Author                   = {Pian, T.H.H. and Sumihara, K.},
  Journal                  = ijnme,
  Year                     = {1984},
  Pages                    = {1685-1695},
  Volume                   = {20},
  Date-added               = {2016-01-28 08:32:06 +0000},
  Date-modified            = {2016-01-28 08:32:06 +0000},
  Owner                    = {steeger},
  Timestamp                = {2013.10.10}
}

@PhdThesis{Pon:2003:lsv,
  Title                    = {Least-squares variational principles and the finite element method: theory, form, and model for solid and fluid mechanics},
  Author                   = {J. P. Pontaza},
  School                   = {{T}exas {A\&M} {U}niversity},
  Year                     = {2003},
  Date-added               = {2016-01-28 08:32:06 +0000},
  Date-modified            = {2016-01-28 08:32:06 +0000},
  Owner                    = {specht},
  Timestamp                = {2010.12.21}
}

@Article{PonRed:2003:shl,
  Title                    = {Spectral/hp Least-Squares Finite Element Formulation for the {N}avier-{S}tokes equations},
  Author                   = {Pontaza, J.P. and Reddy, J.N.},
  Journal                  = jocomp,
  Year                     = {2003},
  Pages                    = {523--549},
  Volume                   = {190},
  Date-added               = {2016-01-28 08:32:06 +0000},
  Date-modified            = {2016-01-28 08:32:06 +0000},
  Owner                    = {steeger},
  Timestamp                = {2013.10.10}
}

@Article{PonRed:2003:sls,
  Title                    = {Spectral/$hp$ least-squares finite element formulation for the {N}avier-{S}tokes equation},
  Author                   = {J. P. Pontaza and J. N. Reddy},
  Journal                  = jocomp,
  Year                     = {2003},
  Pages                    = {523--549},
  Volume                   = {190},
  Date-added               = {2016-01-28 08:32:06 +0000},
  Date-modified            = {2016-01-28 08:32:06 +0000},
  Owner                    = {specht},
  Timestamp                = {2010.12.21}
}

@Article{RavTho:1977:amf,
  Title                    = {A Mixed Finite Element Method for 2-nd Order Elliptic Problems. {M}athematical Aspects of Finite Element Methods},
  Author                   = {Raviart, P. A. and Thomas, J. M.},
  Journal                  = {Lecture Notes in Mathematics, Springer-Verlag New York},
  Year                     = {1977},
  Pages                    = {292-315},
  Date-added               = {2016-01-28 08:32:06 +0000},
  Date-modified            = {2016-01-28 08:32:06 +0000},
  Keywords                 = {lsfem},
  Owner                    = {ebbing},
  Timestamp                = {2009.09.24}
}

@Article{RedSim:1995:sac,
  Title                    = {Stability and convergence of a class of enhanced strain methods},
  Author                   = {Reddy, B.D. and Simo, J.C.},
  Journal                  = SIAMjona,
  Year                     = {1995},
  Pages                    = {1705-1728},
  Volume                   = {(32)(6)},
  Date-added               = {2016-01-28 08:32:06 +0000},
  Date-modified            = {2016-01-28 08:32:06 +0000},
  Owner                    = {steeger},
  Timestamp                = {2013.09.14}
}

@Article{RedWieWoh:12,
  Title                    = {Finite Element Analysis and Algorithms for Single-Crystal Strain-Gradient Plasticity},
  Author                   = {B. D. Reddy and C. Wieners and B. Wohlmuth},
  Journal                  = ijnme,
  Year                     = {2012},
  Pages                    = {784--804},
  Volume                   = {90},
  Date-added               = {2016-01-28 08:32:06 +0000},
  Date-modified            = {2016-01-28 08:32:06 +0000},
  Owner                    = {steeger},
  Timestamp                = {2013.10.10}
}

@Article{ReeKueRed:1999:ans,
  Title                    = {A new Stabilization Technique for Finite Elements in non-linear Elasticity},
  Author                   = {Reese, S. and K{\"u}ssner, M. and Reddy, B. D.},
  Journal                  = {International Journal for Numerical Methods in Engineering},
  Year                     = {1999},
  Pages                    = {1617-1652},
  Volume                   = {44},
  Date-added               = {2016-01-28 08:32:06 +0000},
  Date-modified            = {2016-01-28 08:32:06 +0000},
  Owner                    = {steeger},
  Timestamp                = {2013.10.10}
}

@Article{ReeWri:2000:ans,
  Title                    = {A new stabilization concept for finite elements in large deformation problems},
  Author                   = {S. Reese and P. Wriggers},
  Journal                  = {International Journal for Numerical Methods in Engineering},
  Year                     = {2000},
  Pages                    = {79--110},
  Volume                   = {48}
}

@Article{ReeWri:2000:ast,
  Title                    = {A Stabilization Technique to avoid Hourglassing in finite elasticity},
  Author                   = {Reese, S. and Wriggers, P.},
  Journal                  = {International Journal for Numerical Methods in Engineering},
  Year                     = {2000},
  Pages                    = {79-109},
  Volume                   = {48},
  Date-added               = {2016-01-28 08:32:06 +0000},
  Date-modified            = {2016-01-28 08:32:06 +0000},
  Owner                    = {steeger},
  Timestamp                = {2013.10.10}
}

@Article{RoeRam:1996:lep,
  Title                    = {Large elasto-plastic finite element analysis of solids and shells with the enhanced assumed strain concept},
  Author                   = {Roehl, D. and Ramm, E.},
  Journal                  = ijosas,
  Year                     = {1996},
  Pages                    = {3215--3237},
  Volume                   = {33, 20-22},
  Date-added               = {2016-01-28 08:32:06 +0000},
  Date-modified            = {2016-01-28 08:32:06 +0000},
  Owner                    = {steeger},
  Timestamp                = {2013.10.08}
}

@Article{RogWin:10,
  Title                    = {Mixed finite element methods for linear viscoelasticity using weak symmetry},
  Author                   = {M. E. Rognes and R. Winther},
  Journal                  = mmias,
  Year                     = {2010},
  Pages                    = {955--985},
  Volume                   = {20},
  Date-added               = {2016-01-28 08:32:06 +0000},
  Date-modified            = {2016-01-28 08:32:06 +0000},
  Owner                    = {steeger},
  Timestamp                = {2013.10.10}
}

@Article{RycZha:1991:oro,
  Title                    = {On representation of tensor functions: a review},
  Author                   = {J. Rychlewski and J. M. Zhang},
  Journal                  = {Advances in Mechanics},
  Year                     = {1991},
  Pages                    = {75--94},
  Volume                   = {14},
  Date-added               = {2016-01-28 08:32:06 +0000},
  Date-modified            = {2016-01-28 08:32:06 +0000},
  Keywords                 = {tensor},
  Owner                    = {specht},
  Timestamp                = {2008.08.18}
}

@Article{San:2008:otp,
  Title                    = {On the physical assumptions underlying the volumetric-isochoric split and the case of anisotropy},
  Author                   = {Sansour, C.},
  Journal                  = {European Journal of Mechanics-A/Solids},
  Year                     = {2008},
  Number                   = {1},
  Pages                    = {28--39},
  Volume                   = {27},
  Publisher                = {Elsevier}
}

@PhdThesis{Sch:1995:tua,
  Title                    = {Theoretische und algorithmische {K}onzepte zur ph{\"a}nomenologischen {B}eschreibung anisotropen {M}aterialverhaltens},
  Author                   = {Schr{\"o}der, J.},
  School                   = {Universit{\"a}t Hannover},
  Year                     = {1995},
  Type                     = {Dissertation},
  Date-added               = {2016-01-28 08:32:06 +0000},
  Date-modified            = {2016-01-28 08:32:06 +0000},
  Owner                    = {steeger},
  Timestamp                = {2013.10.10}
}

@InCollection{Sch:2009:ape,
  Title                    = {Anisotropic polyconvex energies},
  Author                   = {J. Schr\"oder},
  Booktitle                = {{P}oly-, quasi- and rank-one convexity in applied mechanics},
  Publisher                = {Springer},
  Year                     = {2010},
  Editor                   = {J. Schr\"oder and P. Neff},
  Pages                    = {53--106},
  Series                   = {CISM Courses and Lectures},
  Volume                   = {516},
  Date-added               = {2016-01-28 08:32:06 +0000},
  Date-modified            = {2016-01-28 08:32:06 +0000},
  Keywords                 = {tensor},
  Owner                    = {ebbing},
  Timestamp                = {2008.06.10}
}

@PhdThesis{Sch:2009:lsm,
  Title                    = {Least-Squares Mixed Finite Elements for Solid Mechanics},
  Author                   = {Schwarz, A.},
  School                   = {University Duisburg-Essen},
  Year                     = {2009},
  Date-added               = {2016-01-28 08:32:06 +0000},
  Date-modified            = {2016-01-28 08:32:06 +0000},
  Owner                    = {Steffen},
  Timestamp                = {2011.07.18}
}

@Article{SchBalStrUhlGruSax:2011:mmn,
  Title                    = {Membranstrukturen mit nicht-linearem anisotropem Materialverhalten - Aspekte der Materialprüfung und der numerischen Simulation},
  Author                   = {Schr{\"o}der, J. and Balzani, D. and Strangh{\"o}ner, N. and Uhlemann, J. and Gruttmann, F. and Saxe, K.},
  Journal                  = {Der Bauningenieur},
  Year                     = {2011},
  Pages                    = {381--389},
  Volume                   = {86}
}

@Article{SchGruLoe:2002:aso,
  Title                    = {A Simple Orthotropic Finite Elasto-Plasticity Model Based on Generalized Stress-Strain Measures},
  Author                   = {J. Schr\"oder and F. Gruttmann and J. L\"oblein},
  Journal                  = {Computational Mechanics},
  Year                     = {2002},
  Pages                    = {48--64},
  Volume                   = {30},
  Date-added               = {2016-01-28 08:32:06 +0000},
  Date-modified            = {2016-01-28 08:32:06 +0000},
  Owner                    = {steeger},
  Timestamp                = {2013.10.10}
}

@Article{SchKamSch:2008:otc,
  Title                    = {On the Construction of {R}aviart-{T}homas Finite Element Spaces},
  Author                   = {Schwarz, A. and Kampen, A. and Schr{\"o}der, J.},
  Journal                  = {Forschungsberich der Universit{\"a}t Duisburg-Essen, Institut f{\"u}r Mechanik},
  Year                     = {2008},
  Volume                   = {39},
  Date-added               = {2016-01-28 08:32:06 +0000},
  Date-modified            = {2016-01-28 08:32:06 +0000},
  Owner                    = {steeger},
  Timestamp                = {2015.08.31}
}

@Article{SchKlaSteMie:97,
  Title                    = {A Physically Nonlinear Dual Mixed Finite Element Formulation},
  Author                   = {J. Schr{\"o}der and O. Klaas and E. Stein and C. Miehe},
  Journal                  = {Computer Methods in Applied Mechanics and Engineering},
  Year                     = {1997},
  Pages                    = {77--92},
  Volume                   = {144},
  Date-added               = {2016-01-28 08:32:06 +0000},
  Date-modified            = {2016-01-28 08:32:06 +0000},
  Owner                    = {steeger},
  Timestamp                = {2013.10.10}
}

@InProceedings{SchNef:2001:otc,
  Title                    = {On the construction of polyconvex anisotropic free energy functions.},
  Author                   = {J. Schr\"oder and P. Neff},
  Booktitle                = {Proc. IUTAM Symposium Comput. Mech. Sol. Mat. at Large Strains},
  Year                     = {2001},
  Editor                   = {C. Miehe},
  Pages                    = {171--180},
  Publisher                = {Kluwer Academic Publishers},
  Date-added               = {2016-01-28 08:32:06 +0000},
  Date-modified            = {2016-01-28 08:32:06 +0000},
  Keywords                 = {tensor},
  Owner                    = {ebbing},
  Timestamp                = {2009.09.22}
}

@InProceedings{SchNef:2003:cop,
  Title                    = {Construction of Polyconvex, Anisotropic Free-Energy Functions},
  Author                   = {Schr\"oder, J. and Neff, P.},
  Booktitle                = {Proc. Appl. Math. Mech.},
  Year                     = {2003},
  Pages                    = {172--173},
  Volume                   = {2},
  Date-added               = {2016-01-28 08:32:06 +0000},
  Date-modified            = {2016-01-28 08:32:06 +0000},
  Keywords                 = {biomechanics},
  Owner                    = {brands},
  Timestamp                = {2008.04.25}
}

@Article{SchNef:2003:ifo,
  Title                    = {Invariant formulation of hyperelastic transverse isotropy based on polyconvex free energy functions},
  Author                   = {Schr{\"o}der, J. and Neff, P.},
  Journal                  = {International journal of solids and structures},
  Year                     = {2003},
  Number                   = {2},
  Pages                    = {401--445},
  Volume                   = {40},
  Publisher                = {Elsevier}
}

@Book{SchNef:2010:pqr,
  Title                    = {Poly-, quasi-and rank-one convexity in applied mechanics, CISM Book},
  Editor                   = {Schr{\"o}der, J. and Neff, P.},
  Publisher                = {Springer Science \& Business Media},
  Year                     = {2010},
  Volume                   = {516},
  __markedentry            = {[nviebahn:6]},
  Date-modified            = {2016-01-27 13:00:26 +0000}
}

@Article{SchNefEbb:2008:ape,
  Title                    = {Anisotropic polyconvex energies on the basis of crystallographic motivated structural tensors},
  Author                   = {Schr{\"o}der, J{\"o}rg and Neff, Patrizio and Ebbing, Vera},
  Journal                  = {Journal of the Mechanics and Physics of Solids},
  Year                     = {2008},
  Number                   = {12},
  Pages                    = {3486--3506},
  Volume                   = {56},
  Publisher                = {Elsevier}
}

@Article{SchSch:2006:roa,
  Title                    = {Remarks on a Least Squares Mixed Finite Element for Plane Elasticity},
  Author                   = {Schwarz, A. and Schr{\"o}der, J.},
  Journal                  = poamam,
  Year                     = {2006},
  Pages                    = {265-266},
  Volume                   = {6},
  Date-added               = {2016-01-28 08:32:06 +0000},
  Date-modified            = {2016-01-28 08:32:06 +0000},
  Owner                    = {steeger},
  Timestamp                = {2015.08.31}
}

@Article{SchSch:2007:lsm,
  Title                    = {Least-Squares Mixed Finite Elements with Applications to Anisotropic Elasticity and Viscoplasticity},
  Author                   = {Schwarz, A. and Schr{\"o}der, J.},
  Journal                  = poamam,
  Year                     = {2007},
  Pages                    = {4040043-4040044},
  Volume                   = {7},
  Date-added               = {2016-01-28 08:32:06 +0000},
  Date-modified            = {2016-01-28 08:32:06 +0000},
  Owner                    = {steeger},
  Timestamp                = {2015.08.31}
}

@Article{SchSch:2008:aam,
  Title                    = {An Asymmetric Mixed Finite Element for Incompressible Elasticity based on a Modified Least-Squares Formulation},
  Author                   = {Schwarz, A. and Schr{\"o}der, J.},
  Journal                  = poamam,
  Year                     = {2008},
  Date-added               = {2016-01-28 08:32:06 +0000},
  Date-modified            = {2016-01-28 08:32:06 +0000},
  Owner                    = {steeger},
  Timestamp                = {2015.08.31}
}

@Article{SchSch:2009:aal,
  Title                    = {An Asymmetric Least-Squares Mixed Finite Element for Elasto-Plasticity at Small Strains},
  Author                   = {Schwarz, A. and Schr{\"o}der, J.},
  Journal                  = poamam,
  Year                     = {2009},
  Date-added               = {2016-01-28 08:32:06 +0000},
  Date-modified            = {2016-01-28 08:32:06 +0000},
  Owner                    = {steeger},
  Timestamp                = {2015.08.31}
}

@Article{SchSch:2011:aml,
  Title                    = {A mixed least-squares formulation of the {N}avier-{S}tokes equations for incompressible {N}ewtonian fluid flow},
  Author                   = {A. Schwarz and J. Schr\"{o}der},
  Journal                  = piamam,
  Year                     = {2011},
  Pages                    = {589--590},
  Volume                   = {11},
  Date-added               = {2016-01-28 08:32:06 +0000},
  Date-modified            = {2016-01-28 08:32:06 +0000},
  Owner                    = {brands},
  Timestamp                = {2011.11.24}
}

@Article{SchSch:2012:oar,
  Title                    = {On a reduced mixed s-v least-squares finite element formulation for the incompressible {N}avier-{S}tokes equations},
  Author                   = {A. Schwarz and J. Schr\"{o}der},
  Journal                  = poamam,
  Year                     = {2012},
  Pages                    = {455---456},
  Volume                   = {12},
  Date-added               = {2016-01-28 08:32:06 +0000},
  Date-modified            = {2016-01-28 08:32:06 +0000},
  Owner                    = {brands},
  Timestamp                = {2011.11.24}
}

@Article{SchSchSta:2009:lsm,
  Title                    = {Least-Squares Mixed Finite Elements for Small Strain Elasto-Viscoplasticity},
  Author                   = {Schwarz, A. and Schr{\"o}der, J. and Starke, G.},
  Journal                  = ijnme,
  Year                     = {2009},
  Pages                    = {1351-1370},
  Volume                   = {77},
  Date-added               = {2016-01-28 08:32:06 +0000},
  Date-modified            = {2016-01-28 08:32:06 +0000},
  Owner                    = {steeger},
  Timestamp                = {2015.08.31}
}

@Article{SchSchSta:2010:aml,
  Title                    = {A modified Least-Squares Mixed Finite Element with Improved Momentum Balance},
  Author                   = {Schwarz, A. and Schr{\"o}der, J. and Starke, G.},
  Journal                  = ijnme,
  Year                     = {2010},
  Pages                    = {286-306},
  Volume                   = {81},
  Date-added               = {2016-01-28 08:32:06 +0000},
  Date-modified            = {2016-01-28 08:32:06 +0000},
  Owner                    = {steeger},
  Timestamp                = {2015.08.31}
}

@InProceedings{SchSchStaSte:12,
  Title                    = {Least-squares mixed finite elements for hyperelastic material models},
  Author                   = {Schwarz, A. and Schr\"oder, J. and Starke, G. and Steeger, K.},
  Booktitle                = {Advanced Computational Engineering},
  Year                     = {2012},
  Series                   = {Mathematisches Forschungsinstitut Oberwolfach},
  Volume                   = {09/2012},
  Date-added               = {2016-01-28 08:32:06 +0000},
  Date-modified            = {2016-01-28 08:32:06 +0000},
  Editors                  = {O. Allix and C. Carstensen and J. Schr{\"o}der and P. Wriggers},
  Owner                    = {steeger},
  Timestamp                = {2013.10.10}
}

@Article{SchSchSte:2009:aml,
  Title                    = {A Modified Least-Squares Finite Element Formulation for Small Strain Plasticity},
  Author                   = {Schwarz, A. and Schr{\"o}der, J. and Steeger, K.},
  Journal                  = {Proceedings of ICCSM 2009},
  Year                     = {2009},
  Date-added               = {2016-01-28 08:32:06 +0000},
  Date-modified            = {2016-01-28 08:32:06 +0000},
  Owner                    = {steeger},
  Timestamp                = {2015.08.31}
}

@Article{SchSteSch:2014:wol,
  Title                    = {Weighted overconstrained least-squares mixed finite elements for static and dynamic problems in quasi-incompressible elasticity},
  Author                   = {A. Schwarz and K. Steeger and J. Schr{\"o}der},
  Journal                  = {Computational Mechanics},
  Year                     = {2014},
  Number                   = {1},
  Pages                    = {603--612},
  Volume                   = {54},
  __markedentry            = {[steeger:6]},
  Date-added               = {2016-01-28 08:32:06 +0000},
  Date-modified            = {2016-01-28 08:32:06 +0000},
  Owner                    = {steeger},
  Timestamp                = {2015.10.23}
}

@Article{SchSteSch:2015:wol,
  Title                    = {Weighted overconstrained least-squares mixed finite elements for hyperelasticity},
  Author                   = {A. Schwarz and K. Steeger and J. Schr{\"o}der},
  Journal                  = poamam,
  Year                     = {2015},
  Pages                    = {227--228},
  Volume                   = {15},
  Date-added               = {2016-01-28 08:32:06 +0000},
  Date-modified            = {2016-01-28 08:32:06 +0000}
}

@Article{SchWriBal:2011:anm,
  Title                    = {A new mixed finite element based on different approximations of the minors of deformation tensors},
  Author                   = {Schr{\"o}der, J{\"o}rg and Wriggers, Peter and Balzani, Daniel},
  Journal                  = {Computer Methods in Applied Mechanics and Engineering},
  Year                     = {2011},
  Number                   = {49},
  Pages                    = {3583--3600},
  Volume                   = {200},
  Publisher                = {Elsevier}
}

@Book{Sil:1997:tma,
  Title                    = {The Mechanics and Thermodynamics of Continuous Media},
  Author                   = {Silhavy, M.},
  Publisher                = {Springer Science \& Business Media},
  Year                     = {1997}
}

@InBook{Sim:98,
  Title                    = {Numerical Analysis and Simulation of Plasticity},
  Author                   = {J. C. Simo},
  Editor                   = {P. G. Ciarlet and J. L. Lions},
  Pages                    = {183--499},
  Year                     = {1998},
  Volume                   = {VI},
  Booktitle                = {Handbook of {N}umerical {A}nalysis},
  Date-added               = {2016-01-28 08:32:06 +0000},
  Date-modified            = {2016-01-28 08:32:06 +0000},
  Owner                    = {steeger},
  Timestamp                = {2013.10.10}
}

@Article{SimArm:1992:gne,
  Title                    = {Geometrically Non-Linear Enhanced Strain Mixed Methods and the Method of Incompatible Modes},
  Author                   = {Simo, J.C. and Armero, F.},
  Journal                  = ijnme,
  Year                     = {1992},
  Pages                    = {1413-1449},
  Volume                   = {33},
  Date-added               = {2016-01-28 08:32:06 +0000},
  Date-modified            = {2016-01-28 08:32:06 +0000},
  Owner                    = {steeger},
  Timestamp                = {2013.09.14}
}

@Article{SimArmTay:1993:aes,
  Title                    = {Assumed Enhanced Strain Tri-Linear Elements for 3{D} Finite Deformation Problems},
  Author                   = {Simo, J.C. and Armero, F. and Taylor, R.L.},
  Journal                  = {Computer Methods in Applied Mechanics and Engineering},
  Year                     = {1993},
  Pages                    = {359-386},
  Volume                   = {110},
  Date-added               = {2016-01-28 08:32:06 +0000},
  Date-modified            = {2016-01-28 08:32:06 +0000},
  Owner                    = {steeger},
  Timestamp                = {2013.09.14}
}

@Article{SimArmTay:1993:ivo,
  Title                    = {{Improved versions of assumed enhanced strain tri-linear elements for 3D finite deformation problems}},
  Author                   = {Simo, J. C. and Armero, F. and Taylor, R. L.},
  Journal                  = {Computer Methods in Applied Mechanics and Engineering},
  Year                     = {1993 },
  Pages                    = {359--386 },
  Volume                   = {110 }
}

@Article{SimKenTay:89,
  Title                    = {Complementary Mixed Finite Element Formulations for Elastoplasticity},
  Author                   = {J. C. Simo and J. G. Kennedy and R. L. Taylor},
  Journal                  = {Computer Methods in Applied Mechanics and Engineering},
  Year                     = {1989},
  Pages                    = {177--206},
  Volume                   = {74},
  Date-added               = {2016-01-28 08:32:06 +0000},
  Date-modified            = {2016-01-28 08:32:06 +0000},
  Owner                    = {steeger},
  Timestamp                = {2013.10.10}
}

@Article{Simo92,
  Title                    = {Algorithms for Static and Dynamic Multiplicative Plasticity that Preserve the Classical Return Mapping Schemes of the Infinitesimal Theory},
  Author                   = {Simo, J.C.},
  Journal                  = {Computer Methods in Applied Mechanics and Engineering},
  Year                     = {1992},
  Pages                    = {61-112},
  Volume                   = {Vol. 99},
  Date-added               = {2016-01-28 08:32:06 +0000},
  Date-modified            = {2016-01-28 08:32:06 +0000},
  Owner                    = {steeger},
  Timestamp                = {2013.10.10}
}

@Article{SimRif:1990:aco,
  Title                    = {A class of assumed strain methods and the method of incompatible modes},
  Author                   = {J. C. Simo and M. S. Rifai},
  Journal                  = ijnme,
  Year                     = {1990},
  Pages                    = {1595--1638},
  Volume                   = {29},
  Language                 = {USenglish}
}

@Article{SimRif:90,
  Title                    = {A Class of Mixed Assumed Strain Methods and the Method of Incompatible Modes},
  Author                   = {J. C. Simo and M. S. Rifai},
  Journal                  = ijnme,
  Year                     = {1990},
  Pages                    = {1595--1638},
  Volume                   = {29},
  Date-added               = {2016-01-28 08:32:06 +0000},
  Date-modified            = {2016-01-28 08:32:06 +0000},
  Owner                    = {steeger},
  Timestamp                = {2013.10.10}
}

@Article{SimTayPis:1984:vap,
  Title                    = {Variational and projection methods for the volume constraint in finite deformation elasto-plasticity},
  Author                   = {Simo, J.C. and Taylor, R.L. and Pister, K.S.},
  Journal                  = {Computer Methods in Applied Mechanics and Engineering},
  Year                     = {1984},
  Pages                    = {177--208},
  Volume                   = {51},
  Date-added               = {2016-01-28 08:32:06 +0000},
  Date-modified            = {2016-01-28 08:32:06 +0000},
  Keywords                 = {biomechanics},
  Owner                    = {brands},
  Timestamp                = {2008.04.28}
}

@Article{Smi:1970:oaf,
  Title                    = {On a fundamental error in two papers of {C}.-{C}. {W}ang " {O}n representations for isotropic functions, {P}arts {I} and {II} "},
  Author                   = {G. F. Smith},
  Journal                  = {Archive for Rational Mechanics and Analysis},
  Year                     = {1970},
  Pages                    = {161--165},
  Volume                   = {36},
  Date-added               = {2016-01-28 08:32:06 +0000},
  Date-modified            = {2016-01-28 08:32:06 +0000},
  Keywords                 = {tensor},
  Owner                    = {specht},
  Timestamp                = {2008.08.19}
}

@Article{Smi:1971:oif,
  Title                    = {On isotropic functions of symmetric tensors, skew-symmetric tensors and vectors},
  Author                   = {G. F. Smith},
  Journal                  = ijoes,
  Year                     = {1971},
  Pages                    = {899--916},
  Volume                   = {9},
  Date-added               = {2016-01-28 08:32:06 +0000},
  Date-modified            = {2016-01-28 08:32:06 +0000},
  Keywords                 = {tensor},
  Owner                    = {specht},
  Timestamp                = {2008.08.19}
}

@Article{SmiSmiRiv:1963:ibf,
  Title                    = {Integrity bases for a symmetric tensor and a vector. The crystal classes.},
  Author                   = {G.F. Smith and M.M. Smith and R.S. Rivlin},
  Journal                  = {Archive for Rational Mechanics and Analysis},
  Year                     = {1963},
  Pages                    = {93--133},
  Volume                   = {12},
  Date-added               = {2016-01-28 08:32:06 +0000},
  Date-modified            = {2016-01-28 08:32:06 +0000},
  Keywords                 = {tensor},
  Owner                    = {ebbing},
  Timestamp                = {2011.02.15}
}

@Article{Spe:1965:iib,
  Title                    = {Isotropic integrity bases for vectors and second-order tensors},
  Author                   = {A. J. M. Spencer},
  Journal                  = {Archive for Rational Mechanics and Analysis},
  Year                     = {1965},
  Pages                    = {51--82},
  Volume                   = {18},
  Date-added               = {2016-01-28 08:32:06 +0000},
  Date-modified            = {2016-01-28 08:32:06 +0000},
  Keywords                 = {tensor},
  Owner                    = {specht},
  Timestamp                = {2008.08.19}
}

@InCollection{Spe:1971:toi,
  Title                    = {Theory of invariants.},
  Author                   = {A. J. M. Spencer},
  Booktitle                = {Continuum Physics},
  Publisher                = {Academic Press},
  Year                     = {1971},
  Editor                   = {A.C. Eringen},
  Pages                    = {239--353},
  Volume                   = {1},
  Adress                   = {New York},
  Date-added               = {2016-01-28 08:32:06 +0000},
  Date-modified            = {2016-01-28 08:32:06 +0000},
  Keywords                 = {tensor},
  Owner                    = {ebbing},
  Timestamp                = {2011.02.15}
}

@Article{Sta:00b,
  Title                    = {{G}auss-{N}ewton Multilevel Methods for Least-Squares Finite Element Computations of Variably Saturated Subsurface Flow},
  Author                   = {G. Starke},
  Journal                  = {Computing},
  Year                     = {2000},
  Pages                    = {323--338},
  Volume                   = {64},
  Date-added               = {2016-01-28 08:32:06 +0000},
  Date-modified            = {2016-01-28 08:32:06 +0000},
  Owner                    = {steeger},
  Timestamp                = {2013.10.10}
}

@Article{Sta:07,
  Title                    = {An Adaptive Least-Squares Mixed Finite Element Method for Elasto-Plasticity},
  Author                   = {G. Starke},
  Journal                  = SIAMjona,
  Year                     = {2007},
  Pages                    = {371--388},
  Volume                   = {45},
  Date-added               = {2016-01-28 08:32:06 +0000},
  Date-modified            = {2016-01-28 08:32:06 +0000},
  Owner                    = {steeger},
  Timestamp                = {2013.10.10}
}

@InProceedings{Sta:10,
  Title                    = {Adaptive Least Squares Finite Element Methods in Elasto-Plasticity},
  Author                   = {G. Starke},
  Booktitle                = {LSSC 2009},
  Year                     = {2010},
  Address                  = {Heidelberg},
  Pages                    = {671--678},
  Publisher                = {Springer},
  Series                   = {Lecture Notes in Computer Science},
  Volume                   = {5910},
  Date-added               = {2016-01-28 08:32:06 +0000},
  Date-modified            = {2016-01-28 08:32:06 +0000},
  Editors                  = {I. Lirkov and S. Margenov and J. Wa{\'s}niewski},
  Owner                    = {steeger},
  Timestamp                = {2013.10.10}
}

@Article{Sta:99,
  Title                    = {Multilevel Boundary Functionals for Least-Squares Mixed Finite Element Methods},
  Author                   = {G. Starke},
  Journal                  = SIAMjona,
  Year                     = {1999},
  Pages                    = {1065--1077},
  Volume                   = {36},
  Date-added               = {2016-01-28 08:32:06 +0000},
  Date-modified            = {2016-01-28 08:32:06 +0000},
  Owner                    = {steeger},
  Timestamp                = {2013.10.10}
}

@InProceedings{StaMueSchSch:12,
  Title                    = {Stress-displacement least squares mixed finite element approximation for hyperelastic materials},
  Author                   = {Starke G. and M{\"u}ller, B. and Schwarz, A. and Schr{\"o}der, J.},
  Booktitle                = {Advanced Computational Engineering},
  Year                     = {2012},
  Series                   = {Mathematisches Forschungsinstitut Oberwolfach},
  Volume                   = {09/2012},
  Date-added               = {2016-01-28 08:32:06 +0000},
  Date-modified            = {2016-01-28 08:32:06 +0000},
  Editors                  = {O. Allix and C. Carstensen and J. Schr{\"o}der and P. Wriggers},
  Owner                    = {steeger},
  Timestamp                = {2013.10.10}
}

@Article{StaSchSch:11,
  Title                    = {Analysis of a First-Order System Least Squares Method for Linear Elasticity with Improved Momentum Balance},
  Author                   = {Starke, G. and Schwarz, A. and Schr{\"o}der, J.},
  Journal                  = SIAMjona,
  Year                     = {2011},
  Pages                    = {1006--1022},
  Volume                   = {49},
  Date-added               = {2016-01-28 08:32:06 +0000},
  Date-modified            = {2016-01-28 08:32:06 +0000},
  Owner                    = {steeger},
  Timestamp                = {2013.10.10}
}

@Article{Ste:13,
  Title                    = {A Note on First Order System Least Squares with Inhomogeneous Boundary Conditions},
  Author                   = {Stevenson, R.},
  Journal                  = {IMA Journal of Numerical Analysis},
  Year                     = {2013},
  Note                     = {To Appear},
  Date-added               = {2016-01-28 08:32:06 +0000},
  Date-modified            = {2016-01-28 08:32:06 +0000},
  Owner                    = {steeger},
  Timestamp                = {2013.10.10}
}

@Article{Ste:2012:mod,
  Title                    = {Milestones of Direct Variational Calculus and its Analysis from the 17th Century until today and beyond -- {M}athematics meets {M}echanics -- with restriction to linear elasticity},
  Author                   = {Stein, E.},
  Journal                  = {Computer Assisted Methods in Engineering and Science},
  Year                     = {2012},
  Pages                    = {7-91},
  Volume                   = {19},
  Date-added               = {2016-01-28 08:32:06 +0000},
  Date-modified            = {2016-01-28 08:32:06 +0000},
  Owner                    = {steeger},
  Timestamp                = {2013.09.14}
}

@Article{Ste:88,
  Title                    = {A Family of Mixed Finite Elements for the Elasticity Problem},
  Author                   = {Stenberg, R.},
  Journal                  = nm,
  Year                     = {1988},
  Pages                    = {513--538},
  Volume                   = {53},
  Date-added               = {2016-01-28 08:32:06 +0000},
  Date-modified            = {2016-01-28 08:32:06 +0000},
  Owner                    = {steeger},
  Timestamp                = {2013.10.10}
}

@Article{SteSchSchStaMue:2012:shp,
  Title                    = {Solving hyperelastic problems using mixed {LSFEM}},
  Author                   = {Steeger, K. and Schwarz, A. and Schr{\"o}der, J. and Starke, G. and M\"uller, B.},
  Journal                  = poamam,
  Year                     = {2012},
  Pages                    = {215--216},
  Date-added               = {2016-01-28 08:32:06 +0000},
  Date-modified            = {2016-01-28 08:32:06 +0000},
  Owner                    = {steeger},
  Timestamp                = {2012.02.10}
}

@Article{SveRun:1998:aaf,
  Title                    = {An algorithm for gradient-regularized plasticity coupled to damage based on a dual mixed {FE}-formulation},
  Author                   = {Svedberg, T. and Runesson, K.},
  Journal                  = {Computer Methods in Applied Mechanics and Engineering},
  Year                     = {1998},
  Pages                    = {49--65},
  Volume                   = {161},
  Date-added               = {2016-01-28 08:32:06 +0000},
  Date-modified            = {2016-01-28 08:32:06 +0000},
  Owner                    = {steeger},
  Timestamp                = {2013.10.08}
}

@Article{TayBerWil:1976:anc,
  Title                    = {A non-conforming element for stress analysis},
  Author                   = {Taylor, R.L. and Beresford, P.J. and Wilson, E.L.},
  Journal                  = {Computer Methods in Applied Mechanics and Engineering},
  Year                     = {1976},
  Pages                    = {1-16},
  Volume                   = {7},
  Date-added               = {2016-01-28 08:32:06 +0000},
  Date-modified            = {2016-01-28 08:32:06 +0000},
  Owner                    = {steeger},
  Timestamp                = {2013.09.14}
}

@Article{TchStu:1997:aml,
  Title                    = {A Mixed Least Squares Method for Solving Problems in Linear Elasticity: Formulation and Initial Results},
  Author                   = {Tchonkova, M. and Sture, S.},
  Journal                  = {Computational Mechanics},
  Year                     = {1997},
  Pages                    = {317-326},
  Volume                   = {19},
  __markedentry            = {[steeger:6]},
  Date-added               = {2016-01-28 08:32:06 +0000},
  Date-modified            = {2016-01-28 08:32:06 +0000},
  Owner                    = {steeger},
  Timestamp                = {2015.10.23}
}

@InCollection{TruNol:1965:tnf,
  Title                    = {The nonlinear field theories of mechanics},
  Author                   = {Truesdell, C. and Noll, W.},
  Booktitle                = {Handbuch der Physik {III}/3.},
  Publisher                = {Springer},
  Year                     = {1965},
  Editor                   = {S. Fl\"ugge},
  Date-added               = {2016-01-28 08:32:06 +0000},
  Date-modified            = {2016-01-28 08:32:06 +0000},
  Keywords                 = {book},
  Owner                    = {ebbing},
  Timestamp                = {2009.04.22}
}

@Book{TruNol:2004:tnf,
  Title                    = {The non-linear field theories of mechanics},
  Author                   = {Truesdell, C. and Noll, W.},
  Publisher                = {Springer},
  Year                     = {2004}
}

@Article{Wan:1969:orfI,
  Title                    = {On representations for isotropic functions. {P}art {I}. {I}sotropic functions of symmetric tensors and vectors},
  Author                   = {Wang, C.-C.},
  Journal                  = {Archive for Rational Mechanics and Analysis},
  Year                     = {1969},
  Pages                    = {249--267},
  Volume                   = {33},
  Date-added               = {2016-01-28 08:32:06 +0000},
  Date-modified            = {2016-01-28 08:32:06 +0000},
  Keywords                 = {tensor},
  Owner                    = {specht},
  Timestamp                = {2008.08.19}
}

@Article{Wan:1969:orfII,
  Title                    = {On representations for isotropic functions. {P}art {II}. {I}sotropic functions of skew-symmetric tensors, symmetric tensors, and vectors},
  Author                   = {Wang, C.-C.},
  Journal                  = {Archive for Rational Mechanics and Analysis},
  Year                     = {1969},
  Pages                    = {268--287},
  Volume                   = {33},
  Date-added               = {2016-01-28 08:32:06 +0000},
  Date-modified            = {2016-01-28 08:32:06 +0000},
  Keywords                 = {tensor},
  Owner                    = {specht},
  Timestamp                = {2008.08.19}
}

@Article{Wan:1970:anrII,
  Title                    = {A new representation theorem for isotropic functions: {A}n answer to professor {G}. {F}. {S}mith's {C}riticism of my papers on representations for isotropic functions. {P}art {2}. {V}ector-valued isotropic functions, symmetric tensor-valued isotropic functions, and skew-symmetric tensor-valued isotropic functions},
  Author                   = {Wang, C.-C.},
  Journal                  = {Archive for Rational Mechanics and Analysis},
  Year                     = {1970},
  Pages                    = {198--223},
  Volume                   = {36},
  Date-added               = {2016-01-28 08:32:06 +0000},
  Date-modified            = {2016-01-28 08:32:06 +0000},
  Keywords                 = {tensor},
  Owner                    = {specht},
  Timestamp                = {2008.08.19}
}

@Article{Wan:1971:ctm,
  Title                    = {Corrigendum to my recent papers on " {R}epresentations for isotropic functions "},
  Author                   = {Wang, C.-C.},
  Journal                  = {Archive for Rational Mechanics and Analysis},
  Year                     = {1971},
  Pages                    = {392--395},
  Volume                   = {43},
  Date-added               = {2016-01-28 08:32:06 +0000},
  Date-modified            = {2016-01-28 08:32:06 +0000},
  Keywords                 = {tensor},
  Owner                    = {specht},
  Timestamp                = {2008.08.19}
}

@Article{WeAn90,
  Title                    = {Finite Deformation Constitutive Equations and a Time Integration Procedure for Isotropic, Hyperelastic-Viscoelastic Solids},
  Author                   = {Weber, G. and Anand, L.},
  Journal                  = {Computer Methods in Applied Mechanics and Engineering},
  Year                     = {1990},
  Pages                    = {173-202},
  Volume                   = {Vol. 79},
  Date-added               = {2016-01-28 08:32:06 +0000},
  Date-modified            = {2016-01-28 08:32:06 +0000},
  Owner                    = {steeger},
  Timestamp                = {2013.10.10}
}

@Article{WeiMakGov:1996:fei,
  Title                    = {Finite element implementation of incompressible, transversely isotropic hyperelasticity},
  Author                   = {Weiss, J. A. and Maker, B. N. and Govindjee, S.},
  Journal                  = {Computer methods in applied mechanics and engineering},
  Year                     = {1996},
  Number                   = {1},
  Pages                    = {107--128},
  Volume                   = {135},
  Publisher                = {Elsevier}
}

@Article{WilTayDohGha:1973:idm,
  Title                    = {Incompatible Displacement Models},
  Author                   = {Wilson, E.L. and Taylor, R.L. and Doherty, W.P. and Ghabaussi, J.},
  Journal                  = {S.J. Fenves et al., eds., Numer. \& Comp. Meth. Struc. Mech. (Academic Press, New York)},
  Year                     = {1973},
  Pages                    = {43-57},
  Date-added               = {2016-01-28 08:32:06 +0000},
  Date-modified            = {2016-01-28 08:32:06 +0000},
  Owner                    = {steeger},
  Timestamp                = {2013.10.10}
}

@Article{WinSur:1994:pvl,
  Title                    = {p-Version Least Squares Finite Element Formulation for Two Dimensional, Incompressible Fluid Flow},
  Author                   = {Winterscheidt, D. and Surana, K.S.},
  Journal                  = ijfnmif,
  Year                     = {1994},
  Pages                    = {43-69},
  Volume                   = {18},
  Date-added               = {2016-01-28 08:32:06 +0000},
  Date-modified            = {2016-01-28 08:32:06 +0000},
  Owner                    = {steeger},
  Timestamp                = {2013.10.10}
}

@Book{Wol:2015:mat,
  Title                    = {Mathematica},
  Author                   = {Wolfram Research, Inc.},
  Publisher                = {Wolfram Research, Inc.},
  Year                     = {2015},
  Edition                  = {Version 10.1},
  Note                     = {Champaign, Illinois},
  Date-added               = {2016-01-28 08:32:06 +0000},
  Date-modified            = {2016-01-28 08:32:06 +0000},
  Owner                    = {steeger},
  Timestamp                = {2015.11.13}
}

@Book{Wri:2001:nfe,
  Title                    = {Nichtlineare Finite-Element-Methoden},
  Author                   = {Wriggers, P.},
  Publisher                = {Springer-Verlag, Berlin},
  Year                     = {2001},
  Date-added               = {2016-01-28 08:32:06 +0000},
  Date-modified            = {2016-01-28 08:32:06 +0000},
  Owner                    = {steeger},
  Timestamp                = {2015.08.31}
}

@Book{Wri:2008:nfe,
  Title                    = {Nonlinear finite element methods},
  Author                   = {Wriggers, P.},
  Publisher                = {Springer Science \& Business Media},
  Year                     = {2008}
}

@Article{WriKor:1996:oes,
  Title                    = {On enhanced strain methods for small and finite deformations of solids},
  Author                   = {Wriggers, P. and Korelc, J.},
  Journal                  = {Computational Mechanics},
  Year                     = {1996},
  Number                   = {6},
  Pages                    = {413--428},
  Volume                   = {18},
  Publisher                = {Springer}
}

@Article{WrRe96,
  Title                    = {A note on enhanced strain methods for large deformations},
  Author                   = {Wriggers, P. and Reese, S.},
  Journal                  = {Computer Methods in Applied Mechanics and Engineering},
  Year                     = {1996},
  Pages                    = {201--209},
  Volume                   = {135},
  Date-added               = {2016-01-28 08:32:06 +0000},
  Date-modified            = {2016-01-28 08:32:06 +0000},
  Owner                    = {steeger},
  Timestamp                = {2013.10.10}
}

@Article{ZduRacEri:2014:anc,
  Title                    = {A novel computational formulation for nearly incompressible and nearly inextensible finite hyperelasticity},
  Author                   = {Zdunek, A. and Rachowicz, W. and Eriksson, T.},
  Journal                  = {Computer Methods in Applied Mechanics and Engineering},
  Year                     = {2014},
  Pages                    = {220--249},
  Volume                   = {281},
  Publisher                = {Elsevier}
}

@Article{ZhaRyc:1990:stf,
  Title                    = {Structural tensors for anisotropic solids.},
  Author                   = {J.M. Zhang and J. Rychlewski},
  Journal                  = {Archives of Mechanics},
  Year                     = {1990},
  Pages                    = {267--277},
  Volume                   = {42},
  Date-added               = {2016-01-28 08:32:06 +0000},
  Date-modified            = {2016-01-28 08:32:06 +0000},
  Keywords                 = {tensor},
  Owner                    = {ebbing},
  Timestamp                = {2011.02.15}
}

@Article{Zhe:1994:tor,
  Title                    = {Theory of representations for tensor functions -- A unified invariant approach to constitutive equations.},
  Author                   = {Q.-S. Zheng},
  Journal                  = {Applied Mechanics Reviews},
  Year                     = {1994},
  Pages                    = {545--587},
  Volume                   = {47},
  Date-added               = {2016-01-28 08:32:06 +0000},
  Date-modified            = {2016-01-28 08:32:06 +0000},
  Keywords                 = {tensor},
  Owner                    = {ebbing},
  Timestamp                = {2011.02.15}
}

@Article{ZheSpe:1993:twc,
  Title                    = {Tensors which characterize anisotropies.},
  Author                   = {Q.-S. Zheng and A. J. M. Spencer},
  Journal                  = ijoes,
  Year                     = {1993},
  Number                   = {5},
  Pages                    = {679--693},
  Volume                   = {31},
  Date-added               = {2016-01-28 08:32:06 +0000},
  Date-modified            = {2016-01-28 08:32:06 +0000},
  Keywords                 = {tensor},
  Owner                    = {ebbing},
  Timestamp                = {2011.02.15}
}

@Book{ZhuTayZie:2005:tfe,
  Title                    = {The finite element method: its basis and fundamentals},
  Author                   = {Zhu, J.Z. and Taylor, R.L. and Zienkiewicz, O.C.},
  Publisher                = {Butterworth Heinemann},
  Year                     = {2005},
  Date-added               = {2016-01-28 08:32:06 +0000},
  Date-modified            = {2016-01-28 08:32:06 +0000},
  Owner                    = {steeger},
  Timestamp                = {2015.12.21}
}

@Article{ZieOweLee:1974:lsf,
  Title                    = {Least Square-Finite Element for Elasto-Static Problems. {U}se of 'Reduced' Integration},
  Author                   = {Zienkiewicz, O.C. and Owen, D.R. and Lee, K.N.},
  Journal                  = ijfnmie,
  Year                     = {1974},
  Pages                    = {341-358},
  Volume                   = {8},
  __markedentry            = {[steeger:6]},
  Date-added               = {2016-01-28 08:32:06 +0000},
  Date-modified            = {2016-01-28 08:32:06 +0000},
  Owner                    = {steeger},
  Timestamp                = {2015.10.23}
}

@Book{ZieTay:1989:tfe,
  Title                    = {The Finite Element Method, 4th Ed.},
  Author                   = {Zienkiewicz, O. C. and Taylor, R. L.},
  Publisher                = {McGraw Hill, London},
  Year                     = {1989},
  Volume                   = {1},
  Language                 = {USenglish}
}

@Book{ZieTay:2000:tfe,
  Title                    = {The Finite Element Method - Volume I: The Basis},
  Author                   = {Zienkiewicz, O.C. and Taylor, R.L.},
  Publisher                = {Butterworth Heinemann},
  Year                     = {2000},
  Edition                  = {5th},
  Date-added               = {2016-01-28 08:32:06 +0000},
  Date-modified            = {2016-01-28 08:32:06 +0000},
  Owner                    = {steeger},
  Timestamp                = {2015.08.31}
}

@Article{ZieTayToo:1971:rit,
  Title                    = {{Reduced Integration Technique in General Analysis of Plates and Shells} },
  Author                   = {Zienkiewicz, O. C. and Taylor, R. L. and Too, J. M. },
  Journal                  = ijnme,
  Year                     = {1971 },
  Pages                    = {275--290 },
  Volume                   = {3 }
}

